2003 3070
335 233 511 277 quoquo
530 220 668 266 ‘modo
691 219 848 265 miieit·
862 219 1019 265 allatis
1030 221 1205 276 causis,
1217 224 1733 277 ’ςυνωαρενσνμτω
1747 223 1869 265 -·ante·-

335 301 640 356 refutavimus,
669 299 910 356 Lampridii
937 303 1243 352 mator-itatem
1272 301 1421 358 plur-ie
1444 302 1865 358 aestimatff'eumq‘ne

334 388 516 429 secutus
527 381 832 428 'Alexandnnn
861 382 1088 438 splendida
1116 383 1306 430 victoria·
1320 405 1323 407 ·
1338 385 1566 443 reportata
1576 384 1867 439 maiorem

336 478 390 510 ex
426 464 508 510 hoc
547 463 665 510 bello
698 463 949 510 discessisse
988 463 1267 510 arbitnmv
1301 464 1391 510 Sed
1423 466 1521 510 iam·
1543 464 1861 519 probabilibus,

334 549 385 591 ut
422 545 638 603 equidem<
671 549 801 602 patos,
846 546 1114 602 argumentis
1143 545 1265 590 ‘'satis
1309 546 1510 592 docuisse
1542 546 1653 591 mihi
1676 545 1867 600 videm

335 640 466 684 quam
494 627 701 685 indiguus
726 628 788 673 sit
805 627 1081 683 Lampridius
1110 629 1281 672 nomine
1298 628 1519 683 *hisoen-ici,
1532 650 1535 656 ·
1548 627 1866 682 eiusquexbeui·

332 708 496 755 Persici
523 708 794 766 potissimum
824 709 1122 756 narrationem
1147 708 1438 765 maximopere
1467 708 1512 753 in
1538 707 1672 754 dubio
1688 715 1861 765 ponen-

331 790 429 834 dam
459 801 597 834 essee*
851 805 856 816 ³
1598 796 1623 815 ‘⁸
1841 819 1845 825 -

471 870 590 916 Adeo
620 870 761 926 igitur
783 883 869 915 non
897 875 1094 917 veterum
1124 871 1274 926 solum,
1302 884 1455 916 verum
1479 872 1622 916 etiam·
1643 871 1857 916 recentio-

330 965 428 997 rum
456 951 762 998 historicorum
793 952 1033 998 sententiae
1048 952 1332 1009 discrepant,
1356 956 1433 1008 ut,
1458 964 1576 1008 *quae
1600 951 1857 1008 'alteri-pla-

332 1040 455 1090 cent,
487 1034 622 1079 alteri·
651 1034 839 1079 maxime
871 1035 1091 1079 contraria
1130 1034 1185 1078 de
1220 1034 1301 1079 hoc
1338 1034 1472 1079 bello·
1491 1045 1594 1078 esse·
1617 1033 1856 1080 videantur.

331 1116 499 1161 Causae
530 1128 646 1170 vero,
678 1128 789 1171 quae
819 1121 951 1160 antea
977 1118 1080 1160 sunt
1114 1115 1330 1160 uberrime
1346 1115 1537 1170 ⁴·allatae,
1579 1127 1657 1160 nos
1681 1115 1857 1172 'quidem

329 1197 567 1253 impellunt,
598 1200 660 1241 ut>
678 1197 913 1242 Herodiani
943 1209 1175 1252 sequamur
1204 1198 1519 1252 auctoritatae,
1549 1197 1856 1242 sicutiGibbo-

329 1291 425 1333 nus,
455 1278 720 1324 Niebuhrius
749 1277 922 1334 aliique.
981 1265 1089 1334 bio,
1120 1279 1195 1334 qui
1225 1280 1380 1323 merito
1409 1290 1515 1323 vera
1542 1278 1857 1324 excutientibus

329 1360 466 1406 facem
496 1359 720 1415 praeferre
750 1359 921 1413 debuit,
960 1360 1067 1404 nihil
1105 1360 1161 1404 de
1191 1359 1421 1404 Alexandri
1461 1359 1505 1403 in
1521 1360 1617 1404 ‘hoc
1645 1360 1856 1405 bellere-

327 1441 409 1486 bns
439 1443 575 1497 gestis
605 1441 758 1487 refer-t.
814 1431 1028 1497 Fuerunt,
1066 1442 1139 1497 qui
1171 1441 1350 1486 Dionem
1381 1441 1679 1497 vituperarent
1707 1442 1855 1486 admo·

326 1524 442 1579 dum,
473 1523 589 1579 quod
619 1524 931 1578 Alexandrum,
961 1536 1208 1580 quem·=pro
1237 1523 1401 1569 meritis
1432 1525 1476 1568 in
1506 1525 1648 1579 ipsum
1665 1523 1855 1568 :illust-ri-

326 1604 408 1650 bus
438 1604 690 1660 praedicare
720 1605 788 1650 vel
817 1605 1001 1650 maxime
1031 1605 1266 1661 debuisset,
1296 1605 1550 1650 illaudatum
1578 1604 1854 1660 relinqueret.

326 1686 441 1730 Mira
469 1686 670 1741 profecto
695 1687 911 1731 sententia
934 1699 1014 1732 nec
1042 1686 1185 1741 video,
1214 1687 1328 1731 unde
1347 1687 1525 1742 probari
1545 1687 1696 1741 possit.
1746 1685 1854 1729 Pro-

324 1768 509 1813 babilius
539 1767 646 1813 mihi
674 1768 866 1823 videtur,
912 1768 1026 1825 quod
1070 1780 1123 1815 ea
1162 1767 1215 1813 de
1248 1780 1297 1813 re
1326 1767 1551 1814 Reimarus
1568 1767 1605 1825 ¹)
1640 1767 1854 1823 disputat:

330 1849 531 1903 „Deserit
560 1850 642 1893 Dio
686 1854 989 1905 argumentum
1034 1853 1080 1893 et
1126 1850 1180 1893 de
1221 1854 1378 1894 eventu
1423 1849 1524 1893 belli
1560 1853 1697 1906 tacet,
1742 1848 1855 1894 forte

325 1932 441 1987 quod
471 1932 567 1976 vivo
586 1930 833 1982 Alexandro
861 1931 976 1976 haec
996 1931 1189 1977 scribens
1219 1931 1392 1977 nolebat
1421 1931 1561 1975 minus
1592 1930 1781 1976 secunda
1809 1933 1854 1975 et

321 2013 577 2068 imperatori
621 2026 774 2068 pamm
820 2012 1053 2058 honorifica
1097 2024 1444 2058 commemorare.
1489 2015 1597 2057 etc.“
1669 2012 1766 2056 Non
1803 2012 1854 2055 rin

321 2094 465 2140 animo
511 2098 580 2140 est
626 2107 679 2140 ea
720 2094 774 2139 de
810 2107 861 2139 re
898 2094 1076 2139 uberius
1116 2095 1351 2149 disserere,
1371 2103 1373 2106 ’
1396 2095 1599 2151 quoniam
1626 2107 1707 2150 pro
1733 2099 1853 2147 certo

321 2177 404 2222 dici
443 2189 528 2241 non
567 2180 737 2232 potest,
783 2177 957 2232 quando*
1001 2188 1172 2232 quaque
1217 2176 1462 2222 conditione
1502 2176 1586 2221 Dio
1629 2176 1852 2221 historiam

321 2270 444 2303 suam
483 2259 539 2304 ad
578 2257 707 2304 finem
746 2258 1012 2313 perduxerit.
1072 2258 1122 2302 Id
1163 2271 1272 2302 vero⁴
1304 2271 1358 2303 ex
1397 2258 1591 2313 reliquiis
1629 2258 1730 2301 libri
1758 2260 1852 2303 eius

321 2339 462 2385 ultimi
499 2339 683 2385 dilucide
720 2343 925 2395 apparet,
970 2338 1015 2383 in
1053 2350 1216 2395 magno
1252 2338 1401 2384 favore
1445 2352 1545 2385 eum
1573 2338 1710 2384 fuisse
1736 2340 1853 2395 apud

320 2421 626 2478 Alexandrum,
656 2434 735 2465 nec
766 2420 956 2465 dubitari
992 2431 1122 2475 posse
1151 2421 1364 2474 arbitror,
1406 2420 1508 2475 quin
1538 2420 1610 2465 ille
1638 2420 1755 2465 haud
1784 2421 1850 2464 in-

319 2502 731 2547 vitus·mentionem
772 2502 948 2547 fecisset
987 2503 1042 2546 de
1072 2502 1306 2547 Alexandri
1343 2502 1541 2557 victoria,
1587 2502 1626 2546 si
1655 2502 1699 2547 id
1730 2502 1770 2546 ei
1798 2502 1849 2547 li-

319 2585 494 2630 cuisset.

461 2759 491 2805 ¹)
515 2757 670 2794 Reimar.
696 2758 816 2795 adnot.
842 2759 888 2796 ad
912 2760 1017 2798 Dion.
1044 2760 1187 2809 LXXX,
1211 2764 1244 2799 3.
1289 2764 1295 2771 '
