2003 3070
1001 92 1056 135 14

257 233 467 287 posuisse.
527 232 627 286 Ipse
663 235 808 275 antem
851 232 1076 285 vignolius
1110 232 1352 279 arbitratur
1388 231 1488 277 inde
1514 243 1545 276 a
1573 231 1644 277 die
1673 230 1786 274 XVI.

258 313 360 357 Maii
391 312 490 358 anni
520 313 605 356 218
627 313 807 367 imperio
838 311 1081 367 praefuisse
1100 312 1381 368 Elagabalum
1403 315 1671 367 mortemque
1685 310 1784 359 ,eius

256 396 298 438 in
336 393 437 438 anni
474 394 559 438 222
594 405 782 438 mensem
823 392 984 437 Maium
1029 393 1093 436 ita
1131 393 1406 439 reficiendam
1444 388 1569 449 esse,
1600 395 1650 439 ut
1688 395 1787 447 post

253 477 356 520 Idus
385 477 524 520 Maias
544 488 570 519 e
590 477 731 520 medio
752 476 951 519 sublatus
978 477 1179 530 quintum
1209 476 1376 531 imperii
1406 488 1565 522 annum
1586 475 1785 530 attigisse

249 561 496 609 statuatur;
528 558 571 600 in
603 556 742 601 Dione
764 557 899 612 igitur
927 568 1131 601 numeros
1162 558 1319 611 partim
1351 557 1651 612 transpositos,
1682 569 1782 612 par-

255 640 332 682 tim
350 629 624 693 ‘depravatos
660 649 756 681 esse
787 641 831 681 et
862 644 940 692 pro
971 635 1113 690 ,,ε”τεσι
1140 639 1259 697 τρισὶ
1288 639 1363 683 καὶ
1393 639 1527 695 μησὶν
1553 637 1681 684 ἐννέα
1709 638 1783 684 καὶ

250 719 439 780 ἡμέραις
467 719 696 778 τέτταρσι“
735 719 963 773 legendum
995 733 1113 764 esse:
1159 718 1302 775 ,,ε”τεσι
1330 720 1533 779 τέτταρσι
1564 720 1638 765 καὶ
1677 720 1782 776 μηνὶ

247 800 311 846 ἑνὶ
348 802 420 846 καὶ
460 798 650 859 ἡμέραις
689 799 849 862 τρισί“.
911 801 980 844 Ita
1017 801 1189 855 planum
1220 800 1337 855 fieri,
1378 801 1612 857 quomodo,
1649 812 1780 855 quum

245 882 509 938 Elagabalus
541 895 696 927 revera
725 884 922 938 quintum
954 882 1123 937 imperii
1152 895 1310 926 annum
1339 883 1562 937 ingressus
1593 882 1663 935 sit,
1699 883 1778 925 tri-

246 965 345 1009 bun.
377 967 470 1010 eius
501 969 590 1021 pot.
621 965 798 1020 quintae
827 965 947 1009 locus
978 964 1260 1019 relinquatur.
1321 946 1614 1009 Herodianum
1635 966 1779 1009 autem

245 1049 476 1100 scripsisse
503 1060 585 1089 non
618 1046 683 1098 εἰς
711 1047 848 1100 ἕκτον,
881 1047 956 1089 sed
988 1046 1053 1098 εἰς
1078 1047 1281 1102 πέμπτον
1310 1045 1429 1101 &cog-3
1461 1047 1613 1091 canoni
1633 1050 1776 1089 autem

243 1128 466 1183 Hippolyti
519 1128 708 1183 paschali
748 1140 833 1174 non
875 1128 929 1171 ab
968 1129 1063 1183 ipso
1106 1131 1305 1183 auctore,
1345 1128 1422 1172 sed
1460 1130 1559 1183 pos-t
1595 1129 1775 1173 mortem

242 1209 335 1252 eius
367 1221 393 1252 a
415 1212 620 1253 curatore
646 1210 821 1254 canonis
853 1221 1012 1253 anuum
1042 1211 1226 1264 primurn
1248 1209 1416 1264 imperii
1440 1208 1669 1253 Alexandri
1696 1209 1775 1252 ad-

241 1290 451 1344 scriptum
484 1302 591 1333 esse.
643 1289 680 1333 Ο
702 1290 905 1334 audacem
927 1290 1120 1344 profecto
1147 1291 1404 1344 opinionem,
1436 1291 1582 1345 itaque
1602 1291 1775 1337 minime

217 1373 519 1427 probandam,
550 1372 719 1416 etiamsi
751 1371 926 1416 Eusebii
953 1371 1197 1426 chronicon,
1228 1384 1325 1417 cum
1356 1385 1440 1427 quo
1471 1370 1635 1416 faciunt
1665 1370 1772 1417 Oro-

240 1454 330 1498 sius
363 1456 406 1498 et
437 1452 723 1499 Cassiodorus
746 1457 791 1499 et
821 1452 1112 1509 Nicephorus,
1150 1455 1357 1509 quattuor
1385 1464 1521 1496 annos
1550 1451 1772 1510 Elagabali

238 1537 419 1590 imperio
449 1538 655 1590 assignat.

377 1618 515 1663 Aliter
553 1617 763 1663 rationem
805 1629 1028 1662 numorum
1069 1616 1319 1672 Elagabali,
1352 1616 1425 1672 qui
1457 1616 1675 1672 negotium
1704 1615 1768 1662 fa-

236 1703 413 1742 cessunt
442 1698 550 1742 viris
589 1698 746 1753 doctis,
788 1699 1085 1753 explicandam
1121 1702 1269 1742 censet
1306 1698 1531 1752 Philippus
1562 1710 1588 1740 a
1618 1698 1767 1751 Turre,

235 1781 467 1836 episcopus
500 1780 745 1835 Adriensis,
784 1780 826 1823 in
868 1780 1041 1823 dissert.
1074 1779 1127 1823 de
1156 1779 1280 1823 annis
1316 1778 1484 1834 imperii
1516 1778 1573 1823 M.
1604 1778 1768 1824 Aurelii

233 1861 439 1904 Antonini
481 1859 703 1915 Elagabali
731 1860 924 1915 (Patavii
971 1860 1081 1903 1713
1115 1856 1213 1916 ed.).
1274 1860 1353 1904 Hic
1391 1862 1458 1904 vir
1493 1860 1766 1903 doctissimus

233 1941 385 1986 Dionis
424 1942 477 1986 de
518 1943 642 1987 annis
681 1941 904 1996 Elagabali
945 1941 1112 1997 imperii
1153 1942 1296 1985 verbis
1333 1942 1507 1985 minime
1542 1941 1625 1985 vim
1654 1939 1764 1985 infe-

230 2025 409 2068 rendam
440 2037 536 2070 esse
556 2028 693 2077 ratus,
723 2027 891 2067 tantum
912 2027 1057 2068 tamen
1086 2023 1223 2079 abest,
1254 2023 1367 2067 utin
1389 2022 1602 2069 Valseohii
1622 2028 1766 2069 castra
1851 2052 1853 2054 -

223 2119 357 2151 ooeco
388 2108 552 2161 impetu
581 2106 893 2150 transeundum
926 2118 1022 2150 esse
1053 2110 1190 2164 putet,
1220 2110 1269 2150 ut
1299 2105 1392 2149 eius
1422 2106 1559 2161 ipsius
1589 2111 1763 2151 senten-

228 2186 335 2231 tiam
362 2187 605 2241 impugnet,
636 2186 858 2241 professus
889 2197 1043 2231 numos
1074 2186 1231 2231 tribun.
1263 2190 1418 2241 potest.
1449 2187 1498 2230 V.
1538 2187 1764 2241 Elagabali

223 2268 528 2323 praeferentes
550 2268 715 2323 aliquot
735 2267 888 2312 diebus
910 2271 1011 2312 ante
1031 2268 1277 2313 inchoatum
1308 2268 1475 2323 imperii
1505 2270 1608 2313 anni
1637 2268 1761 2322 quin-

222 2354 316 2393 tum
345 2350 593 2404 assignatos
625 2361 733 2394 esse.
792 2348 875 2393 Sed
897 2349 1118 2404 praeclare
1133 2361 1234 2393 eum
1256 2350 1510 2405 perstringit
1537 2349 1760 2405 Vignolius

221 2430 272 2487 (l.
304 2429 366 2487 L),
398 2442 531 2487 quum
561 2443 614 2475 ea
644 2441 714 2474 res
750 2430 867 2481 omui
903 2430 1170 2475 destituatur
1204 2430 1399 2486 exemplo
1438 2434 1570 2487 atque
1610 2442 1663 2475 eo
1692 2431 1758 2475 in-

216 2512 470 2556 credibilius
507 2514 587 2567 sit,
621 2512 740 2569 quod
781 2516 957 2557 senatus
988 2516 1110 2555 tanto
1138 2512 1184 2554 in
1215 2512 1497 2567 Elagabalum
1526 2512 1624 2558 odio
1653 2512 1758 2567 flag-

220 2594 400 2646 raverit,
432 2596 481 2637 ut
496 2605 629 2638 cusos
649 2605 817 2650 numos,
845 2592 930 2636 nisi
951 2592 1213 2649 Elagabalus
1233 2595 1558 2648 supervixisset,
1588 2593 1758 2643 minime

218 2675 268 2720 ‘in
294 2674 515 2730 pubiicum
545 2674 722 2729 prodire
752 2686 960 2729 passurus
991 2673 1127 2721 fuisse
1156 2674 1366 2719 videatur.
1578 2662 1580 2666 ’
1676 2675 1679 2678 ’

367 2756 447 2800 His
477 2757 568 2801 fere
594 2757 736 2802 modis
767 2756 849 2800 viri
879 2756 942 2800 illi
978 2755 1214 2800 doctissimi
1240 2769 1396 2802 numos
1426 2756 1650 2812 Elagabali
1679 2757 1758 2802 tti-
