2003 3070
955 72 1008 116 15

218 218 316 261 bun.
348 217 516 268 potest.
558 212 609 257 V.
638 212 869 266 inscriptos
908 212 1181 267 explicandos
1224 225 1321 257 esse
1367 215 1559 257 censent.
1618 211 1743 265 Quod

218 300 360 342 autem
399 293 672 338 Herodianus
689 318 692 321 ‹
708 291 779 349 (V,
817 293 844 337 8
882 293 1010 350 extr.)
1048 293 1326 350 Elagabalum
1367 296 1534 358 sextum
1575 292 1742 349 imperii

218 389 375 423 annum
404 374 603 429 attigisse
632 364 796 429 ¹refert,
836 385 983 419 omnes
1020 387 1236 430 errorem,v
1269 375 1345 429 qui
1378 375 1423 418 iu
1453 375 1572 419 illum
1601 375 1739 420 locum

218 449 456 513 irrepserit,
485 456 784 511 corrigendum
815 460 861 501 et
888 456 1090 510 librariis,
1121 458 1199 512 qui
1226 451 1271 502 iu
1301 457 1491 506 numeris
1521 456 1647 501 facile
1676 456 1739 501 la·

217 543 388 594 buntur,
418 537 715 593 imputandum
746 549 842 582 esse
869 538 1154 593 consentiunt,
1184 541 1363 593 excepto
1394 538 1638 593 Valsechio,
1662 538 1738 593 qui

217 601 449 666 secuudum
480 631 601 662 suam
632 620 768 673 ipsius
794 618 1102 673 expositionem
1132 631 1356 662 numorum
1377 619 1611 664 Herodiaui
1640 631 1737 664 sen-

215 703 391 747 teutiam
422 714 519 745 cum
549 702 685 744 Dione
714 700 931 753 conciliat,
973 702 1105 755 quum
1144 700 1243 745 inde
1271 700 1397 746 &die
1427 700 1544 744 XIII.
1576 699 1736 755 Aprilis

214 783 314 827 anni
343 783 444 836 217,
475 794 560 836 quo
591 781 812 826 Caracalla
841 781 1007 826 occisus
1036 785 1120 836 est,
1152 793 1288 835 usque
1318 781 1373 824 ad
1403 793 1590 825 mensem
1620 782 1736 825 Mar-

213 867 320 908 tium
349 865 451 908 anni
479 865 578 917 222,
610 863 783 907 fatalem
804 851 1039 917 Elagabslo
1060 862 1305 907 testimonio
1326 863 1490 918 Dionis,
1520 875 1606 906 sex.
1624 863 1737 918 anni,

213 946 313 990 licet
343 945 559 1000 utrimque
589 944 845 1000 incompleti,
875 943 1090 987 fluxerint.
1139 945 1343 988 Errorem
1373 949 1518 988 autem
1547 944 1590 988 in
1620 944 1738 988 illum

215 1028 447 1071 Herodiani
477 1027 617 1070 locum
648 1026 875 1081 irrepsisse
895 1026 988 1069 iure
1018 1026 1116 1069 inde
1148 1025 1437 1079 confirmatur,
1467 1028 1582 1081 quod
1613 1039 1737 1071 nemo

212 1110 472 1164 scriptorum
502 1108 711 1159 illustrem
743 1111 959 1152 auctorem
991 1106 1280 1151 Herodianum
1312 1109 1526 1164 sequitur,
1557 1107 1735 1158 totidem

211 1184 347 1233 anuos
387 1191 585 1245 imperiov
604 1190 829 1244 Elagabali
865 1190 1148 1244 assignando,
1191 1194 1236 1231 et
1275 1203 1328 1232 ue
1368 1189 1521 1233 Graeci
1564 1190 1738 1243 quidem

211 1272 458 1324 scriptores,
490 1272 562 1325 qui
592 1272 827 1314 Herodiaui
862 1274 1047 1326 vestigia
1075 1272 1256 1314 maxime
1286 1283 1455 1324 semper
1485 1268 1736 1324 sequuntur.

212 1352 305 1396 Hoc
335 1358 478 1396 antem
507 1352 755 1407 discrepant
795 1352 874 1402 viri
905 1353 1041 1409 docti,
1082 1356 1225 1398 utrum
1258 1350 1489 1396 Herodiani
1521 1349 1586 1404 εἰς
1613 1344 1738 1397 {hor

211 1433 252 1478 in
284 1431 350 1486 εἰς
378 1433 582 1491 πέμπτον
611 1433 861 1481 mutandum
890 1432 970 1486 sit,
1006 1437 1055 1476 ut
1090 1432 1315 1488 Viguolius
1346 1432 1460 1486 vult,
1500 1444 1555 1474 an
1591 1432 1634 1474 in
1674 1431 1740 1483 εἰς

209 1516 426 1575 τέταρτον,
456 1520 505 1559 ut
526 1517 804 1569 contendunt,
836 1517 1094 1570 quicumque
1115 1515 1264 1560 Diouis
1293 1515 1597 1561 auctoritatem
1618 1517 1737 1562 stare

209 1596 370 1642 volunt.
420 1596 559 1642 Miror
586 1596 830 1651 admodum,
862 1597 976 1653 quod
1008 1609 1129 1642 nemo
1161 1609 1213 1642 ex
1232 1595 1379 1640 multis
1410 1599 1450 1640 et
1481 1595 1622 1640 doctis
1653 1595 1736 1641 iuis

210 1678 337 1731 viris,
368 1679 441 1733 qui
472 1679 526 1721 de
555 1678 779 1732 Elagabali
808 1678 977 1732 imperii
1006 1679 1129 1721 annis
1160 1677 1407 1732 disputant,
1443 1678 1615 1721 videtur
1644 1680 1735 1722 ani·

208 1759 502 1812 madvertisse,
533 1745 601 1803 ex¹
614 1760 852 1803 Herodiaui
871 1759 972 1804 libri
994 1759 1044 1803 V.
1065 1762 1268 1803 contextu
1294 1758 1479 1803 dilucide
1507 1760 1737 1813 apparere,

208 1852 400 1884 errorem
430 1841 524 1883 sine
554 1839 684 1883 dubio
715 1840 919 1883 inlocum
949 1841 1171 1894 illumsv.
1201 1840 1229 1882 8
1260 1840 1390 1894 extr.)
1422 1841 1660 1895 irrepsisse,
1690 1844 1737 1883 et

207 1921 268 1964 ita
298 1920 486 1975 quidem,
516 1924 565 1963 ut
594 1919 659 1972 εἷς
679 1920 802 1966 ἕκτον
822 1921 1071 1964 mutandum
1102 1919 1161 1964 sit
1183 1920 1227 1967 iu
1257 1919 1322 1973 εἰς
1340 1920 1558 1979 τέταρτον,
1589 1921 1735 1977 itaque

206 2006 373 2051 tantum
404 2001 567 2055 abesse,
598 2006 648 2045 ut
676 2002 949 2049 Herodianus
980 2002 1201 2057 impugnet
1220 2002 1415 2056 Dionem,
1446 2007 1493 2046 ut
1523 2002 1649 2047 huius
1679 2003 1735 2048 de

206 2083 429 2139 Elagabali
474 2084 642 2139 imperii
696 2084 819 2128 annis
873 2082 1102 2129 verborum
1144 2085 1444 2129 auctoritatem
1493 2084 1735 2131 luculenter

204 2163 417 2210 affirmare
446 2163 656 2209 videatur.
714 2164 883 2212 Etenim
914 2167 952 2208 si
985 2164 1150 2207 ratione
1178 2169 1226 2208 et
1255 2166 1514 2219 cogitatione
1545 2166 1748 2209 Herodi--

204 2244 273 2288 ani
295 2244 459 2288 librum
490 2245 683 2300 quintum
715 2246 1023 2300 perlegerimus
1036 2280 1047 2301 ,
1078 2245 1267 2290 dubitari
1298 2258 1382 2289 uon
1413 2248 1592 2309 poterit,
1629 2248 1731 2303 quin

203 2326 440 2371 secundum
469 2325 580 2373 hunc
603 2330 833 2372 -auctorem
873 2326 1199 2383 quadriennium
1235 2327 1305 2370 vix
1342 2326 1565 2382 Elagabali
1595 2328 1730 2384 impe-

203 2394 314 2450 rium
347 2406 555 2462 attigerit.
616 2406 726 2450 Nam
760 2419 846 2462 quo
882 2410 1075 2463 tempore
1103 2407 1365 2463 Elagabalus
1404 2410 1460 2452 ad
1503 2410 1730 2464 imperium

202 2489 396 2543 accessit,
426 2488 539 2532 hunc
568 2488 894 2543 quatuordecim
915 2502 1050 2533 anuos
1079 2493 1240 2544 natum,
1271 2489 1558 2536 Alexandrum
1585 2497 1731 2538 autem

201 2568 415 2613 decim-um
435 2581 595 2613 annum
616 2570 860 2625 ingressum
883 2569 1015 2620 ‘uisse
1034 2569 1306 2618 Herodianus
1330 2571 1474 2619 tradit.
1527 2571 1597 2617 Sic
1617 2573 1730 2619 enim

200 2649 362 2703 legitur
391 2650 462 2706 (V,
492 2650 535 2703 3,
567 2651 628 2706 7),
659 2651 732 2694 ubi
762 2651 949 2706 scriptor
967 2651 1125 2696 milites
1145 2664 1174 2696 a
1192 2653 1342 2696 Maesa
1362 2653 1567 2698 sollicitos
1598 2659 1727 2710 atque

201 2733 431 2787 corruptos
461 2731 715 2777 seditionem
754 2731 871 2778 illam
904 2731 1114 2784 adversus
1143 2728 1384 2786 Macrinum
1413 2733 1598 2782 movisse
1628 2748 1726 2782 nar.
