2003 3070
988 84 1017 127 2

233 223 469 275 propterea
488 220 603 275 quod
625 221 673 275 V,
705 219 746 273 3,
779 222 819 264 7.
846 221 992 277 tradit,
1023 223 1310 267 Alexandrum
1342 223 1487 267 decem
1519 235 1652 266 annos
1683 211 1759 266 na-

234 304 324 345 tum
356 300 503 354 fuisse,
536 313 666 357 quum
698 301 963 357 Elagabalus
994 302 1231 359 imperator
1260 307 1377 348 esset
1405 304 1557 349 factuS.
1619 304 1759 357 Quum

232 386 377 426 autem
408 381 669 438 Elagabalus
708 382 894 426 omnium
933 396 1143 428 consensu
1180 384 1484 430 historicorum
1521 397 1632 429 anno
1662 384 1759 429 218.

230 464 285 508 ad
312 464 540 518 imperium
570 464 817 519 accesserit,
846 464 1090 510 Alexander
1119 470 1246 511 natus
1277 472 1345 511 est
1369 469 1600 512 secundum
1620 469 1759 511 Hero'-

230 543 404 587 dianum
433 556 546 588 anno
576 544 685 599 208,
717 557 795 590 nec
826 557 956 589 causa
986 549 1054 589 est
1083 545 1127 590 in
1153 551 1379 603 promptu,
1409 560 1487 593 cur
1516 548 1759 604 Lampridio

230 626 368 669 maior
397 625 608 670 debeatur
637 626 757 669 fides.
817 626 1053 679 Herodiani
1085 628 1197 671 enim
1229 640 1353 671 error
1383 629 1425 671 in
1456 629 1579 672 annis
1602 629 1758 684 Elaga—

228 706 329 760 hali,
361 706 435 762 qui
465 707 639 761 quidem
669 706 921 751 Eckbelium
941 707 977 764 ¹)
1017 720 1285 753 commovere
1324 702 1514 764 ridetur,
1553 713 1602 753 ut
1631 710 1757 753 Lam-

228 787 419 844 pridium
448 787 529 836 hac
560 787 603 834 in
635 799 682 838 re
714 791 937 843 sequatur,
956 799 1052 839 gnon
1083 787 1289 839 historico
1318 789 1653 845 accuratissimo,
1685 802 1757 833 ve-

228 882 326 912 rum
356 869 560 921 librariis,
591 871 666 923 qui
696 871 738 911 in
771 872 959 913 numeris
990 870 1117 914 facile
1137 870 1352 923 labuntur,
1384 870 1499 913 haud
1519 871 1647 913 dubie
1678 873 1755 914 im-

226 950 444 1004 putandus
474 953 553 1004 est,
585 952 636 1000 ut
664 949 850 998 dilucide
880 962 978 999 mox
1008 949 1324 997 demonstrabo.
1356 949 1439 1007 (Cf.
1460 950 1540 996 No.
1561 951 1644 1007 4.)'
1669 951 1756 999 Suo

225 1035 370 1075 autem
405 1030 501 1093 iure
539 1030 910 1077 Wietersheimius
929 1030 966 1086 ²)
1002 1032 1239 1076 Herodiani
1284 1032 1482 1086 sequitur
1521 1033 1754 1077 auctorita-

225 1114 337 1166 tem;
368 1111 527 1158 etenim
559 1123 690 1167 quum
721 1111 845 1159 initio
875 1112 1043 1167 imperii
1061 1126 1064 1129 ’
1082 1125 1161 1167 pro
1200 1114 1463 1168 imperatore
1493 1116 1631 1164 mater
1661 1114 1755 1159 eius

180 1221 185 1226 -
225 1192 502 1246 nonnullique
525 1192 606 1243 viri
629 1192 755 1237 electi
777 1205 867 1240 rem
891 1192 1256 1248 administrarent,
1277 1194 1581 1248 imperatorem
1602 1195 1753 1243 etiam-

222 1278 313 1326 tum
344 1274 712 1324 adolescentulum
742 1273 970 1322 admodum
1009 1273 1143 1317 fuisse
1173 1275 1404 1321 verisimile
1435 1279 1516 1322 est,

360 1353 596 1400 Herodiani
638 1358 868 1409 praeterea
910 1354 1068 1403 rationi
1111 1354 1229 1398 favet
1269 1354 1457 1404 Victoris
1502 1355 1700 1410 epitome,
1718 1351 1752 1409 ⁸)

221 1434 455 1485 seeundum
489 1448 616 1491 quarn
649 1434 892 1486 Alexander
921 1447 1033 1484 anno
1064 1435 1180 1482 vitae
1216 1436 1418 1484 vicesimo
1449 1440 1575 1479 sexto
1601 1417 1751 1490 perii&

222 1529 360 1576 neque
391 1516 505 1568 enim
535 1516 712 1565 dubium
742 1520 824 1571 est,
856 1518 960 1573 quin
980 1516 1218 1572 imperator
1247 1529 1360 1562 anno
1381 1517 1468 1562 235
1498 1516 1751 1566 interfectus

220 1600 289 1645 sit.
318 1622 378 1629 —
416 1600 548 1642 Patre
587 1598 831 1648 Alexander
868 1610 973 1648 usus
1013 1604 1081 1649 est
1109 1598 1261 1646 Gessio
1293 1599 1477 1653 quodam
1515 1597 1750 1651 Marciano,

218 1683 267 1730 ut
307 1679 442 1730 refert
472 1679 564 1734 -Dio
594 1679 836 1734 LXXVIII,
873 1679 953 1735 303
1001 1679 1293 1734 Lampridium
1332 1683 1477 1728 autem
1517 1679 1631 1733 faui,
1677 1679 1750 1735 qui

216 1766 384 1818 patrem
430 1761 470 1805 ei
515 1760 649 1811 fuisse
684 1760 865 1809 Varium
903 1760 1062 1814 tradit,
1103 1760 1370 1815 docebimus,
1422 1760 1492 1805 ubi
1524 1760 1578 1809 de
1615 1761 1750 1814 stirpe

216 1842 447 1895 Alexandri
501 1841 639 1891 fusius
699 1840 1003 1897 disputabitur.
1064 1841 1276 1896 Mamaea,
1321 1846 1461 1892 mater
1506 1840 1748 1893 Alexandri,

216 1923 303 1977 filia
332 1929 430 1969 erat
459 1922 647 1977 Maesae,
680 1936 790 1978 quae
821 1934 947 1968 soror
974 1922 1058 1965 fuit
1082 1923 1219 1975 Iuliae
1241 1922 1445 1976 Domnae‚
1475 1922 1748 1977 imperatoris

217 2003 367 2050 Severi
396 2004 557 2051 uxoris.

356 2179 370 2201 ²
410 2177 433 2217 l.
458 2177 480 2214 l.
532 2206 541 2215 .
565 2178 645 2215 268.

269 2254 285 2276 t
354 2178 385 2292 ’ζ
409 2188 670 2292 Ἦίειξτεὶιοίω,
696 2246 826 2286 Geseh.
852 2246 917 2282 der
942 2246 1327 2291 Voelkerwanderung.
1365 2246 1514 2293 Leipzig
1541 2247 1642 2288 1860.
1679 2246 1745 2285 Bd.

215 2317 257 2364 11,
281 2328 317 2366 p.
341 2317 421 2363 218,
445 2316 550 2355 Anm.
576 2317 655 2354 164.

353 2388 381 2432 ⁸)
405 2386 536 2423 victor.
562 2386 646 2431 epit.
678 2397 708 2422 c.
733 2385 861 2429 XXIV.

211 2541 240 2572 δ
