<?xml version="1.0" encoding="UTF-8"?>
<!DOCTYPE html PUBLIC "-//W3C//DTD XHTML 1.0 Transitional//EN"
    "http://www.w3.org/TR/xhtml1/DTD/xhtml1-transitional.dtd">
<html xmlns="http://www.w3.org/1999/xhtml" xml:lang="en" lang="en">
 <head>
  <title>
</title>
<meta http-equiv="Content-Type" content="text/html;charset=utf-8" />
  <meta name='ocr-system' content='tesseract 3.04.00' />
  <meta name='ocr-capabilities' content='ocr_page ocr_carea ocr_par ocr_line ocrx_word'/>
</head>
<body>
  <div class='ocr_page' id='page_1' title='image "4738127_0022.png"; bbox 0 0 2003 3070; ppageno 0'>
   <div class='ocr_carea' id='block_1_1' title="bbox 953 82 981 124">
    <p class='ocr_par' dir='ltr' id='par_1_1' title="bbox 953 82 981 124">
     <span class='ocr_line' id='line_1_1' title="bbox 953 82 981 124; baseline 0 0"><span class='ocrx_word' id='word_1_1' title='bbox 953 82 981 124; x_wconf 87' lang='lat'>8</span> 
     </span>
    </p>
   </div>
   <div class='ocr_carea' id='block_1_2' title="bbox 829 141 1106 148">
    <p class='ocr_par' dir='ltr' id='par_1_2' title="bbox 829 141 1106 148">
     <span class='ocr_line' id='line_1_2' title="bbox 829 141 1106 148; baseline 0 2922"><span class='ocrx_word' id='word_1_2' title='bbox 829 141 1106 148; x_wconf 95' lang='lat' dir='ltr'><strong> </strong></span> 
     </span>
    </p>
   </div>
   <div class='ocr_carea' id='block_1_3' title="bbox 197 220 1740 2648">
    <p class='ocr_par' dir='ltr' id='par_1_3' title="bbox 197 220 1740 2163">
     <span class='ocr_line' id='line_1_3' title="bbox 204 220 1730 286; baseline 0.003 -26"><span class='ocrx_word' id='word_1_3' title='bbox 204 229 299 262; x_wconf 90' lang='lat' dir='ltr'><strong>esse</strong></span> <span class='ocrx_word' id='word_1_4' title='bbox 330 232 452 273; x_wconf 89' lang='lat' dir='ltr'><strong>opus,</strong></span> <span class='ocrx_word' id='word_1_5' title='bbox 484 220 556 275; x_wconf 91' lang='lat' dir='ltr'><strong>qui</strong></span> <span class='ocrx_word' id='word_1_6' title='bbox 589 233 658 263; x_wconf 91' lang='lat' dir='ltr'><strong>res</strong></span> <span class='ocrx_word' id='word_1_7' title='bbox 689 222 1014 267; x_wconf 74' lang='lat' dir='ltr'><strong>administraret</strong></span> <span class='ocrx_word' id='word_1_8' title='bbox 1044 223 1253 267; x_wconf 89' lang='lat' dir='ltr'><strong>humanas</strong></span> <span class='ocrx_word' id='word_1_9' title='bbox 1281 235 1438 278; x_wconf 83' lang='lat' dir='ltr'><strong>easque</strong></span> <span class='ocrx_word' id='word_1_10' title='bbox 1459 223 1730 286; x_wconf 78' lang='lat' dir='ltr'><strong>consobrino,</strong></span> 
     </span>
     <span class='ocr_line' id='line_1_4' title="bbox 204 299 1729 362; baseline 0.004 -21"><span class='ocrx_word' id='word_1_11' title='bbox 204 311 287 356; x_wconf 83' lang='lat' dir='ltr'><strong>non</strong></span> <span class='ocrx_word' id='word_1_12' title='bbox 317 299 457 344; x_wconf 91' lang='lat' dir='ltr'><strong>alieno</strong></span> <span class='ocrx_word' id='word_1_13' title='bbox 488 312 583 345; x_wconf 91' lang='lat' dir='ltr'><strong>esse</strong></span> <span class='ocrx_word' id='word_1_14' title='bbox 609 302 883 358; x_wconf 85' lang='lat' dir='ltr'><strong>delegandas.</strong></span> <span class='ocrx_word' id='word_1_15' title='bbox 904 303 937 358; x_wconf 82' lang='lat'><strong>¹)</strong></span> <span class='ocrx_word' id='word_1_16' title='bbox 997 305 1079 349; x_wconf 92' lang='lat' dir='ltr'><strong>Dio</strong></span> <span class='ocrx_word' id='word_1_17' title='bbox 1110 304 1285 348; x_wconf 90' lang='lat' dir='ltr'><strong>nimium</strong></span> <span class='ocrx_word' id='word_1_18' title='bbox 1306 304 1369 350; x_wconf 82' lang='lat' dir='ltr'><strong>ad</strong></span> <span class='ocrx_word' id='word_1_19' title='bbox 1401 303 1599 362; x_wconf 86' lang='lat' dir='ltr'><strong>prodigia</strong></span> <span class='ocrx_word' id='word_1_20' title='bbox 1628 316 1729 359; x_wconf 85' lang='lat' dir='ltr'><strong>pro-</strong></span> 
     </span>
     <span class='ocr_line' id='line_1_5' title="bbox 204 380 1731 441; baseline 0.004 -19"><span class='ocrx_word' id='word_1_21' title='bbox 204 380 323 423; x_wconf 89' lang='lat' dir='ltr'><strong>clivis</strong></span> <span class='ocrx_word' id='word_1_22' title='bbox 355 380 491 424; x_wconf 79' lang='lat' dir='ltr'><strong>refert</strong></span> <span class='ocrx_word' id='word_1_23' title='bbox 522 381 735 439; x_wconf 87' lang='lat' dir='ltr'>(LXXIX,</span> <span class='ocrx_word' id='word_1_24' title='bbox 769 384 842 441; x_wconf 83' lang='lat'><strong>17)</strong></span> <span class='ocrx_word' id='word_1_25' title='bbox 876 385 1165 433; x_wconf 82' lang='lat' dir='ltr'><strong>Alexandrum</strong></span> <span class='ocrx_word' id='word_1_26' title='bbox 1203 386 1338 435; x_wconf 86' lang='lat' dir='ltr'><strong>filium</strong></span> <span class='ocrx_word' id='word_1_27' title='bbox 1368 386 1622 441; x_wconf 83' lang='lat' dir='ltr'><strong>adoptatum</strong></span> <span class='ocrx_word' id='word_1_28' title='bbox 1653 384 1731 428; x_wconf 90' lang='lat' dir='ltr'><strong>im-</strong></span> 
     </span>
     <span class='ocr_line' id='line_1_6' title="bbox 203 462 1733 524; baseline 0.003 -19"><span class='ocrx_word' id='word_1_29' title='bbox 203 462 398 518; x_wconf 87' lang='lat' dir='ltr'><strong>periique</strong></span> <span class='ocrx_word' id='word_1_30' title='bbox 430 463 686 520; x_wconf 84' lang='lat' dir='ltr'><strong>participem</strong></span> <span class='ocrx_word' id='word_1_31' title='bbox 717 466 879 512; x_wconf 87' lang='lat' dir='ltr'><strong>factum</strong></span> <span class='ocrx_word' id='word_1_32' title='bbox 910 480 1020 524; x_wconf 88' lang='lat' dir='ltr'><strong>esse,</strong></span> <span class='ocrx_word' id='word_1_33' title='bbox 1053 469 1166 524; x_wconf 91' lang='lat' dir='ltr'><strong>quod</strong></span> <span class='ocrx_word' id='word_1_34' title='bbox 1188 469 1294 513; x_wconf 89' lang='lat' dir='ltr'><strong>deus</strong></span> <span class='ocrx_word' id='word_1_35' title='bbox 1315 467 1548 523; x_wconf 83' lang='lat' dir='ltr'><strong>Elagabalo</strong></span> <span class='ocrx_word' id='word_1_36' title='bbox 1572 468 1616 512; x_wconf 94' lang='lat' dir='ltr'><strong>id</strong></span> <span class='ocrx_word' id='word_1_37' title='bbox 1636 465 1733 512; x_wconf 86' lang='lat' dir='ltr'><strong>fieri</strong></span> 
     </span>
     <span class='ocr_line' id='line_1_7' title="bbox 204 526 1731 604; baseline 0.005 -20"><span class='ocrx_word' id='word_1_38' title='bbox 204 543 414 587; x_wconf 86' lang='lat' dir='ltr'><strong>iussisset.</strong></span> <span class='ocrx_word' id='word_1_39' title='bbox 467 544 552 589; x_wconf 87' lang='lat' dir='ltr'><strong>Sed</strong></span> <span class='ocrx_word' id='word_1_40' title='bbox 573 545 758 592; x_wconf 83' lang='lat' dir='ltr'><strong>fortasse</strong></span> <span class='ocrx_word' id='word_1_41' title='bbox 788 549 910 592; x_wconf 89' lang='lat' dir='ltr'><strong>iussu</strong></span> <span class='ocrx_word' id='word_1_42' title='bbox 932 548 1118 604; x_wconf 86' lang='lat' dir='ltr'><strong>Maesae,</strong></span> <span class='ocrx_word' id='word_1_43' title='bbox 1149 552 1199 592; x_wconf 90' lang='lat' dir='ltr'><strong>ut</strong></span> <span class='ocrx_word' id='word_1_44' title='bbox 1227 549 1311 593; x_wconf 92' lang='lat' dir='ltr'><strong>iam</strong></span> <span class='ocrx_word' id='word_1_45' title='bbox 1342 526 1595 604; x_wconf 83' lang='lat' dir='ltr'><strong>supradixi,</strong></span> <span class='ocrx_word' id='word_1_46' title='bbox 1625 548 1731 593; x_wconf 90' lang='lat' dir='ltr'><strong>deus</strong></span> 
     </span>
     <span class='ocr_line' id='line_1_8' title="bbox 202 625 1731 682; baseline 0.004 -15"><span class='ocrx_word' id='word_1_47' title='bbox 202 625 454 679; x_wconf 85' lang='lat' dir='ltr'><strong>imperatori</strong></span> <span class='ocrx_word' id='word_1_48' title='bbox 485 627 589 671; x_wconf 90' lang='lat' dir='ltr'><strong>illud</strong></span> <span class='ocrx_word' id='word_1_49' title='bbox 621 629 793 673; x_wconf 81' lang='lat' dir='ltr'><strong>videtur</strong></span> <span class='ocrx_word' id='word_1_50' title='bbox 819 630 1020 673; x_wconf 82' lang='lat' dir='ltr'><strong>suasisse.</strong></span> <span class='ocrx_word' id='word_1_51' title='bbox 1040 653 1100 660; x_wconf 94' lang='lat'><strong>—-</strong></span> <span class='ocrx_word' id='word_1_52' title='bbox 1129 630 1223 682; x_wconf 86' lang='lat' dir='ltr'><strong>Quo</strong></span> <span class='ocrx_word' id='word_1_53' title='bbox 1254 630 1629 674; x_wconf 78' lang='lat' dir='ltr'><strong>auno&#39;Alexander</strong></span> <span class='ocrx_word' id='word_1_54' title='bbox 1657 630 1731 673; x_wconf 91' lang='lat' dir='ltr'><strong>de·</strong></span> 
     </span>
     <span class='ocr_line' id='line_1_9' title="bbox 203 706 1730 772; baseline 0.003 -22"><span class='ocrx_word' id='word_1_55' title='bbox 203 706 391 753; x_wconf 84' lang='lat' dir='ltr'><strong>claratus</strong></span> <span class='ocrx_word' id='word_1_56' title='bbox 448 710 506 754; x_wconf 84' lang='lat' dir='ltr'><strong>sit</strong></span> <span class='ocrx_word' id='word_1_57' title='bbox 551 709 732 772; x_wconf 79' lang='lat' dir='ltr'><strong>Caesar,</strong></span> <span class='ocrx_word' id='word_1_58' title='bbox 778 711 1046 765; x_wconf 64' lang='lat' dir='ltr'><strong>&gt;dissentiunt</strong></span> <span class='ocrx_word' id='word_1_59' title='bbox 1092 715 1316 767; x_wconf 85' lang='lat' dir='ltr'><strong>auctores;</strong></span> <span class='ocrx_word' id='word_1_60' title='bbox 1366 711 1636 767; x_wconf 88' lang='lat' dir='ltr'><strong>Lampridius</strong></span> <span class='ocrx_word' id='word_1_61' title='bbox 1687 712 1730 754; x_wconf 89' lang='lat' dir='ltr'><strong>in</strong></span> 
     </span>
     <span class='ocr_line' id='line_1_10' title="bbox 205 788 1730 850; baseline 0.003 -18"><span class='ocrx_word' id='word_1_62' title='bbox 205 788 448 834; x_wconf 85' lang='lat' dir='ltr'><strong>Alexandro</strong></span> <span class='ocrx_word' id='word_1_63' title='bbox 481 791 535 845; x_wconf 89' lang='lat' dir='ltr'><strong>(c.</strong></span> <span class='ocrx_word' id='word_1_64' title='bbox 568 792 613 848; x_wconf 94' lang='lat'><strong>1)</strong></span> <span class='ocrx_word' id='word_1_65' title='bbox 646 791 838 836; x_wconf 86' lang='lat' dir='ltr'><strong>Macrino</strong></span> <span class='ocrx_word' id='word_1_66' title='bbox 870 796 1039 837; x_wconf 88' lang='lat' dir='ltr'><strong>mortuo</strong></span> <span class='ocrx_word' id='word_1_67' title='bbox 1070 806 1166 837; x_wconf 89' lang='lat' dir='ltr'><strong>eum</strong></span> <span class='ocrx_word' id='word_1_68' title='bbox 1204 793 1465 850; x_wconf 85' lang='lat' dir='ltr'><strong>appellatum</strong></span> <span class='ocrx_word' id='word_1_69' title='bbox 1496 805 1592 837; x_wconf 86' lang='lat' dir='ltr'><strong>esse</strong></span> <span class='ocrx_word' id='word_1_70' title='bbox 1622 792 1730 837; x_wconf 89' lang='lat' dir='ltr'><strong>Cae-</strong></span> 
     </span>
     <span class='ocr_line' id='line_1_11' title="bbox 203 874 1731 930; baseline 0.001 -15"><span class='ocrx_word' id='word_1_71' title='bbox 203 877 345 916; x_wconf 85' lang='lat' dir='ltr'><strong>sarem</strong></span> <span class='ocrx_word' id='word_1_72' title='bbox 376 876 538 917; x_wconf 79' lang='lat' dir='ltr'><strong>na&#39;rrat.</strong></span> <span class='ocrx_word' id='word_1_73' title='bbox 599 874 657 917; x_wconf 88' lang='lat' dir='ltr'><strong>At</strong></span> <span class='ocrx_word' id='word_1_74' title='bbox 685 879 900 929; x_wconf 85' lang='lat' dir='ltr'><strong>repugnat</strong></span> <span class='ocrx_word' id='word_1_75' title='bbox 930 874 969 918; x_wconf 91' lang='lat' dir='ltr'><strong>ei</strong></span> <span class='ocrx_word' id='word_1_76' title='bbox 999 874 1162 921; x_wconf 90' lang='lat' dir='ltr'><strong>diserte</strong></span> <span class='ocrx_word' id='word_1_77' title='bbox 1194 875 1486 928; x_wconf 88' lang='lat' dir='ltr'><strong>Herodianus,</strong></span> <span class='ocrx_word' id='word_1_78' title='bbox 1524 875 1597 930; x_wconf 91' lang='lat' dir='ltr'><strong>qui</strong></span> <span class='ocrx_word' id='word_1_79' title='bbox 1627 874 1731 918; x_wconf 90' lang='lat' dir='ltr'><strong>dicit</strong></span> 
     </span>
     <span class='ocr_line' id='line_1_12' title="bbox 203 938 1729 1013; baseline 0.003 -17"><span class='ocrx_word' id='word_1_80' title='bbox 203 953 282 1010; x_wconf 92' lang='lat' dir='ltr'><strong>(V,</strong></span> <span class='ocrx_word' id='word_1_81' title='bbox 314 954 361 1010; x_wconf 84' lang='lat'><strong>7,</strong></span> <span class='ocrx_word' id='word_1_82' title='bbox 391 955 453 1010; x_wconf 87' lang='lat'><strong>5),</strong></span> <span class='ocrx_word' id='word_1_83' title='bbox 500 955 786 1000; x_wconf 86' lang='lat' dir='ltr'><strong>Alexandrum</strong></span> <span class='ocrx_word' id='word_1_84' title='bbox 831 956 916 1000; x_wconf 91' lang='lat' dir='ltr'><strong>iam</strong></span> <span class='ocrx_word' id='word_1_85' title='bbox 956 956 1251 1001; x_wconf 89' lang='lat' dir='ltr'><strong>duodecimum</strong></span> <span class='ocrx_word' id='word_1_86' title='bbox 1291 970 1449 1001; x_wconf 90' lang='lat' dir='ltr'><strong>annum</strong></span> <span class='ocrx_word' id='word_1_87' title='bbox 1487 938 1729 1013; x_wconf 75' lang='lat' dir='ltr'><strong>ingressum</strong></span> 
     </span>
     <span class='ocr_line' id='line_1_13' title="bbox 201 1036 1729 1093; baseline 0 -12"><span class='ocrx_word' id='word_1_88' title='bbox 201 1050 309 1090; x_wconf 89' lang='lat' dir='ltr'><strong>esse,</strong></span> <span class='ocrx_word' id='word_1_89' title='bbox 342 1049 473 1092; x_wconf 92' lang='lat' dir='ltr'><strong>quum</strong></span> <span class='ocrx_word' id='word_1_90' title='bbox 504 1037 736 1091; x_wconf 85' lang='lat' dir='ltr'><strong>adoptatus</strong></span> <span class='ocrx_word' id='word_1_91' title='bbox 758 1036 1003 1093; x_wconf 85' lang='lat' dir='ltr'><strong>Caesarque</strong></span> <span class='ocrx_word' id='word_1_92' title='bbox 1022 1037 1162 1082; x_wconf 85' lang='lat' dir='ltr'><strong>factus</strong></span> <span class='ocrx_word' id='word_1_93' title='bbox 1184 1042 1310 1082; x_wconf 86' lang='lat' dir='ltr'><strong>esset.</strong></span> <span class='ocrx_word' id='word_1_94' title='bbox 1363 1037 1604 1083; x_wconf 86' lang='lat' dir='ltr'><strong>Secundum</strong></span> <span class='ocrx_word' id='word_1_95' title='bbox 1626 1051 1729 1082; x_wconf 90' lang='lat' dir='ltr'><strong>eun-</strong></span> 
     </span>
     <span class='ocr_line' id='line_1_14' title="bbox 200 1118 1729 1174; baseline -0.001 -11"><span class='ocrx_word' id='word_1_96' title='bbox 200 1120 298 1163; x_wconf 91' lang='lat' dir='ltr'><strong>dem</strong></span> <span class='ocrx_word' id='word_1_97' title='bbox 328 1122 547 1163; x_wconf 87' lang='lat' dir='ltr'><strong>auctorem</strong></span> <span class='ocrx_word' id='word_1_98' title='bbox 579 1118 652 1174; x_wconf 85' lang='lat' dir='ltr'><strong>(V,</strong></span> <span class='ocrx_word' id='word_1_99' title='bbox 683 1119 723 1173; x_wconf 90' lang='lat'><strong>3,</strong></span> <span class='ocrx_word' id='word_1_100' title='bbox 755 1119 800 1173; x_wconf 80' lang='lat'><strong>7)</strong></span> <span class='ocrx_word' id='word_1_101' title='bbox 838 1118 986 1163; x_wconf 90' lang='lat' dir='ltr'><strong>decem</strong></span> <span class='ocrx_word' id='word_1_102' title='bbox 1014 1132 1149 1163; x_wconf 88' lang='lat' dir='ltr'><strong>annos</strong></span> <span class='ocrx_word' id='word_1_103' title='bbox 1194 1124 1321 1163; x_wconf 87' lang='lat' dir='ltr'><strong>natus</strong></span> <span class='ocrx_word' id='word_1_104' title='bbox 1352 1123 1446 1164; x_wconf 89' lang='lat' dir='ltr'><strong>erat</strong></span> <span class='ocrx_word' id='word_1_105' title='bbox 1475 1118 1729 1174; x_wconf 85' lang='lat' dir='ltr'><strong>Alexander,</strong></span> 
     </span>
     <span class='ocr_line' id='line_1_15' title="bbox 201 1199 1727 1256; baseline -0.001 -11"><span class='ocrx_word' id='word_1_106' title='bbox 201 1201 372 1256; x_wconf 91' lang='lat' dir='ltr'><strong>quando</strong></span> <span class='ocrx_word' id='word_1_107' title='bbox 403 1199 665 1255; x_wconf 86' lang='lat' dir='ltr'><strong>Elagabalus</strong></span> <span class='ocrx_word' id='word_1_108' title='bbox 703 1213 847 1244; x_wconf 87' lang='lat' dir='ltr'><strong>rerum</strong></span> <span class='ocrx_word' id='word_1_109' title='bbox 888 1201 1052 1255; x_wconf 83' lang='lat' dir='ltr'><strong>potitus</strong></span> <span class='ocrx_word' id='word_1_110' title='bbox 1090 1205 1180 1252; x_wconf 90' lang='lat' dir='ltr'><strong>est;</strong></span> <span class='ocrx_word' id='word_1_111' title='bbox 1227 1200 1325 1246; x_wconf 91' lang='lat' dir='ltr'><strong>inde</strong></span> <span class='ocrx_word' id='word_1_112' title='bbox 1360 1201 1495 1256; x_wconf 85' lang='lat' dir='ltr'><strong>igitur</strong></span> <span class='ocrx_word' id='word_1_113' title='bbox 1532 1204 1727 1256; x_wconf 86' lang='lat' dir='ltr'><strong>apparet,</strong></span> 
     </span>
     <span class='ocr_line' id='line_1_16' title="bbox 202 1263 1732 1339; baseline 0.001 -13"><span class='ocrx_word' id='word_1_114' title='bbox 202 1282 310 1326; x_wconf 92' lang='lat' dir='ltr'><strong>duos</strong></span> <span class='ocrx_word' id='word_1_115' title='bbox 342 1294 421 1338; x_wconf 90' lang='lat' dir='ltr'><strong>per</strong></span> <span class='ocrx_word' id='word_1_116' title='bbox 451 1294 589 1326; x_wconf 88' lang='lat' dir='ltr'><strong>aunos</strong></span> <span class='ocrx_word' id='word_1_117' title='bbox 629 1282 715 1326; x_wconf 88' lang='lat' dir='ltr'><strong>iam</strong></span> <span class='ocrx_word' id='word_1_118' title='bbox 756 1263 963 1338; x_wconf 81' lang='lat' dir='ltr'><strong>regnasse</strong></span> <span class='ocrx_word' id='word_1_119' title='bbox 992 1281 1298 1338; x_wconf 78' lang='lat' dir='ltr'><strong>Elagabalum‚</strong></span> <span class='ocrx_word' id='word_1_120' title='bbox 1340 1295 1471 1339; x_wconf 91' lang='lat' dir='ltr'><strong>quum</strong></span> <span class='ocrx_word' id='word_1_121' title='bbox 1507 1282 1732 1339; x_wconf 80' lang='lat' dir='ltr'><strong>adoptavit</strong></span> 
     </span>
     <span class='ocr_line' id='line_1_17' title="bbox 202 1347 1729 1420; baseline -0.001 -10"><span class='ocrx_word' id='word_1_122' title='bbox 202 1364 518 1419; x_wconf 87' lang='lat' dir='ltr'><strong>Caesaremque</strong></span> <span class='ocrx_word' id='word_1_123' title='bbox 549 1363 653 1409; x_wconf 88' lang='lat' dir='ltr'><strong>fecit</strong></span> <span class='ocrx_word' id='word_1_124' title='bbox 684 1364 999 1408; x_wconf 86' lang='lat' dir='ltr'><strong>consobrinum.</strong></span> <span class='ocrx_word' id='word_1_125' title='bbox 1060 1364 1207 1418; x_wconf 78' lang='lat' dir='ltr'><strong>Quid?</strong></span> <span class='ocrx_word' id='word_1_126' title='bbox 1239 1347 1356 1420; x_wconf 90' lang='lat' dir='ltr'><strong>quod</strong></span> <span class='ocrx_word' id='word_1_127' title='bbox 1386 1364 1517 1408; x_wconf 87' lang='lat' dir='ltr'><strong>filium</strong></span> <span class='ocrx_word' id='word_1_128' title='bbox 1547 1364 1729 1420; x_wconf 87' lang='lat' dir='ltr'><strong>adopta-</strong></span> 
     </span>
     <span class='ocr_line' id='line_1_18' title="bbox 200 1444 1730 1501; baseline -0.001 -10"><span class='ocrx_word' id='word_1_129' title='bbox 200 1450 291 1491; x_wconf 91' lang='lat' dir='ltr'><strong>tum</strong></span> <span class='ocrx_word' id='word_1_130' title='bbox 338 1445 655 1501; x_wconf 87' lang='lat' dir='ltr'><strong>Caesaremque</strong></span> <span class='ocrx_word' id='word_1_131' title='bbox 698 1445 962 1494; x_wconf 87' lang='lat' dir='ltr'><strong>declaratum</strong></span> <span class='ocrx_word' id='word_1_132' title='bbox 1007 1444 1269 1501; x_wconf 83' lang='lat' dir='ltr'><strong>Elagabalus</strong></span> <span class='ocrx_word' id='word_1_133' title='bbox 1322 1445 1467 1490; x_wconf 84' lang='lat' dir='ltr'><strong>statim</strong></span> <span class='ocrx_word' id='word_1_134' title='bbox 1513 1446 1730 1491; x_wconf 90' lang='lat' dir='ltr'><strong>consulem</strong></span> 
     </span>
     <span class='ocr_line' id='line_1_19' title="bbox 199 1526 1730 1584; baseline 0 -12"><span class='ocrx_word' id='word_1_135' title='bbox 199 1528 303 1574; x_wconf 88' lang='lat' dir='ltr'><strong>fecit</strong></span> <span class='ocrx_word' id='word_1_136' title='bbox 332 1527 500 1584; x_wconf 87' lang='lat' dir='ltr'><strong>sibique</strong></span> <span class='ocrx_word' id='word_1_137' title='bbox 542 1526 748 1583; x_wconf 88' lang='lat' dir='ltr'><strong>collegam</strong></span> <span class='ocrx_word' id='word_1_138' title='bbox 786 1526 975 1584; x_wconf 82' lang='lat' dir='ltr'><strong>delegit?</strong></span> <span class='ocrx_word' id='word_1_139' title='bbox 1019 1527 1064 1571; x_wconf 91' lang='lat' dir='ltr'><strong>id</strong></span> <span class='ocrx_word' id='word_1_140' title='bbox 1109 1527 1223 1584; x_wconf 90' lang='lat' dir='ltr'><strong>quod</strong></span> <span class='ocrx_word' id='word_1_141' title='bbox 1266 1531 1448 1583; x_wconf 88' lang='lat' dir='ltr'><strong>apparet</strong></span> <span class='ocrx_word' id='word_1_142' title='bbox 1492 1540 1544 1573; x_wconf 89' lang='lat' dir='ltr'><strong>ex</strong></span> <span class='ocrx_word' id='word_1_143' title='bbox 1587 1527 1730 1573; x_wconf 88' lang='lat' dir='ltr'><strong>verbis</strong></span> 
     </span>
     <span class='ocr_line' id='line_1_20' title="bbox 199 1607 1731 1671; baseline 0.001 -16"><span class='ocrx_word' id='word_1_144' title='bbox 199 1610 435 1656; x_wconf 81' lang='lat' dir='ltr'><strong>Herodiani</strong></span> <span class='ocrx_word' id='word_1_145' title='bbox 488 1609 534 1665; x_wconf 90' lang='lat' dir='ltr'><strong>(l.</strong></span> <span class='ocrx_word' id='word_1_146' title='bbox 579 1609 649 1664; x_wconf 83' lang='lat' dir='ltr'><strong>l.):</strong></span> <span class='ocrx_word' id='word_1_147' title='bbox 704 1608 1021 1656; x_wconf 70' lang='grc' dir='ltr'><strong><em>ἀποδείκνυται</em></strong></span> <span class='ocrx_word' id='word_1_148' title='bbox 1061 1609 1110 1671; x_wconf 75' lang='grc' dir='ltr'><strong>δὲ</strong></span> <span class='ocrx_word' id='word_1_149' title='bbox 1150 1614 1331 1669; x_wconf 79' lang='grc' dir='ltr'><strong><em>Καῖσαρ</em></strong></span> <span class='ocrx_word' id='word_1_150' title='bbox 1376 1607 1402 1655; x_wconf 84' lang='lat'><strong>0‘</strong></span> <span class='ocrx_word' id='word_1_151' title='bbox 1444 1608 1731 1671; x_wconf 79' lang='grc' dir='ltr'><strong><em>Ἀλέξανδρος</em></strong></span> 
     </span>
     <span class='ocr_line' id='line_1_21' title="bbox 199 1688 1740 1749; baseline -0.001 -12"><span class='ocrx_word' id='word_1_152' title='bbox 199 1688 370 1745; x_wconf 82' lang='grc' dir='ltr'><em>ὕπατός</em></span> <span class='ocrx_word' id='word_1_153' title='bbox 408 1709 456 1737; x_wconf 88' lang='grc' dir='ltr'><strong>τε</strong></span> <span class='ocrx_word' id='word_1_154' title='bbox 494 1691 573 1738; x_wconf 75' lang='grc' dir='ltr'><strong>σὺν</strong></span> <span class='ocrx_word' id='word_1_155' title='bbox 603 1696 665 1749; x_wconf 78' lang='grc' dir='ltr'><strong>τῷ</strong></span> <span class='ocrx_word' id='word_1_156' title='bbox 703 1689 942 1749; x_wconf 83' lang='grc' dir='ltr'><strong><em>Ἀντωνίνῳ</em></strong></span> <span class='ocrx_word' id='word_1_157' title='bbox 979 1690 1066 1736; x_wconf 84' lang='lat' dir='ltr'><strong>scil.</strong></span> <span class='ocrx_word' id='word_1_158' title='bbox 1099 1689 1348 1746; x_wconf 86' lang='lat' dir='ltr'><strong>Elagabalo.</strong></span> <span class='ocrx_word' id='word_1_159' title='bbox 1411 1692 1468 1734; x_wconf 91' lang='lat' dir='ltr'><strong>At</strong></span> <span class='ocrx_word' id='word_1_160' title='bbox 1498 1703 1599 1736; x_wconf 89' lang='lat' dir='ltr'><strong>vero</strong></span> <span class='ocrx_word' id='word_1_161' title='bbox 1629 1690 1740 1735; x_wconf 76' lang='lat' dir='ltr'><strong>fasti-</strong></span> 
     </span>
     <span class='ocr_line' id='line_1_22' title="bbox 200 1772 1729 1827; baseline -0.001 -9"><span class='ocrx_word' id='word_1_162' title='bbox 200 1787 347 1818; x_wconf 89' lang='lat' dir='ltr'><strong>omnes</strong></span> <span class='ocrx_word' id='word_1_163' title='bbox 369 1773 654 1827; x_wconf 87' lang='lat' dir='ltr'><strong>consentiunt,</strong></span> <span class='ocrx_word' id='word_1_164' title='bbox 686 1773 949 1817; x_wconf 88' lang='lat' dir='ltr'><strong>Antoninum</strong></span> <span class='ocrx_word' id='word_1_165' title='bbox 969 1785 1064 1825; x_wconf 86' lang='lat' dir='ltr'><strong>cum</strong></span> <span class='ocrx_word' id='word_1_166' title='bbox 1089 1772 1330 1816; x_wconf 86' lang='lat' dir='ltr'><strong>Alexandro</strong></span> <span class='ocrx_word' id='word_1_167' title='bbox 1355 1772 1572 1816; x_wconf 84' lang='lat' dir='ltr'><strong>consulem</strong></span> <span class='ocrx_word' id='word_1_168' title='bbox 1592 1773 1729 1817; x_wconf 83' lang='lat' dir='ltr'><strong>fuisse</strong></span> 
     </span>
     <span class='ocr_line' id='line_1_23' title="bbox 200 1853 1729 1914; baseline -0.002 -12"><span class='ocrx_word' id='word_1_169' title='bbox 200 1862 391 1902; x_wconf 89' lang='lat' dir='ltr'><strong>extremo</strong></span> <span class='ocrx_word' id='word_1_170' title='bbox 438 1856 574 1912; x_wconf 89' lang='lat' dir='ltr'><strong>ipsius</strong></span> <span class='ocrx_word' id='word_1_171' title='bbox 620 1854 788 1911; x_wconf 89' lang='lat' dir='ltr'><strong>imperii</strong></span> <span class='ocrx_word' id='word_1_172' title='bbox 832 1867 957 1900; x_wconf 92' lang='lat' dir='ltr'><strong>anno.</strong></span> <span class='ocrx_word' id='word_1_173' title='bbox 1016 1856 1135 1914; x_wconf 82' lang='lat' dir='ltr'><strong>Ergo</strong></span> <span class='ocrx_word' id='word_1_174' title='bbox 1179 1860 1257 1898; x_wconf 90' lang='lat' dir='ltr'><strong>aut</strong></span> <span class='ocrx_word' id='word_1_175' title='bbox 1302 1853 1392 1898; x_wconf 84' lang='lat' dir='ltr'><strong>falli</strong></span> <span class='ocrx_word' id='word_1_176' title='bbox 1437 1854 1729 1910; x_wconf 89' lang='lat' dir='ltr'><strong>Lampridium</strong></span> 
     </span>
     <span class='ocr_line' id='line_1_24' title="bbox 197 1924 1724 1995; baseline -0.003 -11"><span class='ocrx_word' id='word_1_177' title='bbox 197 1945 316 1995; x_wconf 87' lang='lat' dir='ltr'><strong>puto,</strong></span> <span class='ocrx_word' id='word_1_178' title='bbox 347 1943 425 1983; x_wconf 88' lang='lat' dir='ltr'><strong>aut</strong></span> <span class='ocrx_word' id='word_1_179' title='bbox 454 1939 591 1984; x_wconf 91' lang='lat' dir='ltr'><strong>locum</strong></span> <span class='ocrx_word' id='word_1_180' title='bbox 625 1924 730 1993; x_wconf 77' lang='lat' dir='ltr'><strong>eiuS,</strong></span> <span class='ocrx_word' id='word_1_181' title='bbox 760 1938 875 1993; x_wconf 92' lang='lat' dir='ltr'><strong>quod</strong></span> <span class='ocrx_word' id='word_1_182' title='bbox 906 1937 1186 1983; x_wconf 87' lang='lat' dir='ltr'><strong>Casaubonus</strong></span> <span class='ocrx_word' id='word_1_183' title='bbox 1217 1936 1374 1991; x_wconf 88' lang='lat' dir='ltr'><strong>aliique</strong></span> <span class='ocrx_word' id='word_1_184' title='bbox 1406 1941 1595 1992; x_wconf 89' lang='lat' dir='ltr'><strong>censent,</strong></span> <span class='ocrx_word' id='word_1_185' title='bbox 1631 1949 1724 1981; x_wconf 86' lang='lat' dir='ltr'><strong>cor-</strong></span> 
     </span>
     <span class='ocr_line' id='line_1_25' title="bbox 198 2017 1727 2077; baseline -0.001 -12"><span class='ocrx_word' id='word_1_186' title='bbox 198 2024 374 2077; x_wconf 90' lang='lat' dir='ltr'><strong>ruptum</strong></span> <span class='ocrx_word' id='word_1_187' title='bbox 406 2033 502 2064; x_wconf 89' lang='lat' dir='ltr'><strong>esse</strong></span> <span class='ocrx_word' id='word_1_188' title='bbox 532 2024 576 2065; x_wconf 82' lang='lat' dir='ltr'><strong>et</strong></span> <span class='ocrx_word' id='word_1_189' title='bbox 597 2018 804 2075; x_wconf 87' lang='lat' dir='ltr'><strong>spurium,</strong></span> <span class='ocrx_word' id='word_1_190' title='bbox 834 2018 1030 2075; x_wconf 87' lang='lat' dir='ltr'><strong>idemque</strong></span> <span class='ocrx_word' id='word_1_191' title='bbox 1050 2018 1176 2074; x_wconf 89' lang='lat' dir='ltr'><strong>plane</strong></span> <span class='ocrx_word' id='word_1_192' title='bbox 1206 2030 1370 2063; x_wconf 88' lang='lat' dir='ltr'><strong>mecum</strong></span> <span class='ocrx_word' id='word_1_193' title='bbox 1391 2018 1524 2064; x_wconf 86' lang='lat' dir='ltr'><strong>sentit</strong></span> <span class='ocrx_word' id='word_1_194' title='bbox 1544 2017 1727 2063; x_wconf 83' lang='lat' dir='ltr'><strong>Clinton.</strong></span> 
     </span>
     <span class='ocr_line' id='line_1_26' title="bbox 198 2101 1184 2163; baseline -0.004 -17"><span class='ocrx_word' id='word_1_195' title='bbox 198 2104 297 2147; x_wconf 82' lang='lat' dir='ltr'><strong>fast.</strong></span> <span class='ocrx_word' id='word_1_196' title='bbox 328 2103 449 2146; x_wconf 88' lang='lat' dir='ltr'><strong>Rom.</strong></span> <span class='ocrx_word' id='word_1_197' title='bbox 482 2102 583 2156; x_wconf 87' lang='lat' dir='ltr'><strong>(vol.</strong></span> <span class='ocrx_word' id='word_1_198' title='bbox 613 2102 668 2156; x_wconf 96' lang='lat' dir='ltr'><strong>II,</strong></span> <span class='ocrx_word' id='word_1_199' title='bbox 699 2114 740 2156; x_wconf 90' lang='lat' dir='ltr'><strong>p.</strong></span> <span class='ocrx_word' id='word_1_200' title='bbox 772 2101 861 2156; x_wconf 90' lang='grc'>42).</span> <span class='ocrx_word' id='word_1_201' title='bbox 1182 2161 1184 2163; x_wconf 21' lang='grc' dir='ltr'>Ι</span> 
     </span>
    </p>

    <p class='ocr_par' dir='ltr' id='par_1_4' title="bbox 197 2160 1730 2648">
     <span class='ocr_line' id='line_1_27' title="bbox 337 2160 1726 2238; baseline -0.002 -10"><span class='ocrx_word' id='word_1_202' title='bbox 337 2185 571 2238; x_wconf 89' lang='lat' dir='ltr'><strong>Postquam</strong></span> <span class='ocrx_word' id='word_1_203' title='bbox 614 2183 855 2227; x_wconf 87' lang='lat' dir='ltr'><strong>Alexander</strong></span> <span class='ocrx_word' id='word_1_204' title='bbox 893 2160 1055 2227; x_wconf 70' lang='lat' dir='ltr'><strong>caesar</strong></span> <span class='ocrx_word' id='word_1_205' title='bbox 1092 2183 1231 2227; x_wconf 87' lang='lat' dir='ltr'><strong>factus</strong></span> <span class='ocrx_word' id='word_1_206' title='bbox 1272 2186 1317 2227; x_wconf 89' lang='lat' dir='ltr'><strong>et</strong></span> <span class='ocrx_word' id='word_1_207' title='bbox 1353 2184 1395 2225; x_wconf 91' lang='lat' dir='ltr'><strong>in</strong></span> <span class='ocrx_word' id='word_1_208' title='bbox 1426 2194 1583 2225; x_wconf 90' lang='lat' dir='ltr'><strong>annum</strong></span> <span class='ocrx_word' id='word_1_209' title='bbox 1613 2183 1726 2225; x_wconf 90' lang='lat' dir='ltr'><strong>inse-</strong></span> 
     </span>
     <span class='ocr_line' id='line_1_28' title="bbox 199 2262 1727 2324; baseline -0.002 -12"><span class='ocrx_word' id='word_1_210' title='bbox 199 2270 401 2324; x_wconf 89' lang='lat' dir='ltr'><strong>quentem</strong></span> <span class='ocrx_word' id='word_1_211' title='bbox 431 2265 578 2312; x_wconf 91' lang='lat' dir='ltr'><strong>consul</strong></span> <span class='ocrx_word' id='word_1_212' title='bbox 609 2264 854 2312; x_wconf 84' lang='lat' dir='ltr'><strong>declaratus</strong></span> <span class='ocrx_word' id='word_1_213' title='bbox 886 2269 965 2321; x_wconf 89' lang='lat' dir='ltr'><strong>est,</strong></span> <span class='ocrx_word' id='word_1_214' title='bbox 996 2268 1111 2310; x_wconf 87' lang='lat' dir='ltr'><strong>teste</strong></span> <span class='ocrx_word' id='word_1_215' title='bbox 1140 2264 1386 2310; x_wconf 91' lang='lat' dir='ltr'><strong>Herodiano</strong></span> <span class='ocrx_word' id='word_1_216' title='bbox 1415 2264 1443 2309; x_wconf 93' lang='lat'><strong>1.</strong></span> <span class='ocrx_word' id='word_1_217' title='bbox 1463 2263 1491 2308; x_wconf 96' lang='lat' dir='ltr'><strong>l·</strong></span> <span class='ocrx_word' id='word_1_218' title='bbox 1513 2262 1727 2320; x_wconf 83' lang='lat' dir='ltr'><strong>Elagaba-</strong></span> 
     </span>
     <span class='ocr_line' id='line_1_29' title="bbox 198 2337 1729 2406; baseline -0.002 -14"><span class='ocrx_word' id='word_1_219' title='bbox 198 2337 266 2392; x_wconf 86' lang='lat' dir='ltr'><strong>lus</strong></span> <span class='ocrx_word' id='word_1_220' title='bbox 297 2360 378 2392; x_wconf 91' lang='lat' dir='ltr'><strong>sua</strong></span> <span class='ocrx_word' id='word_1_221' title='bbox 408 2359 504 2391; x_wconf 89' lang='lat' dir='ltr'><strong>eum</strong></span> <span class='ocrx_word' id='word_1_222' title='bbox 544 2348 698 2406; x_wconf 86' lang='lat' dir='ltr'><strong>docere</strong></span> <span class='ocrx_word' id='word_1_223' title='bbox 739 2346 882 2391; x_wconf 87' lang='lat' dir='ltr'><strong>studia</strong></span> <span class='ocrx_word' id='word_1_224' title='bbox 917 2346 1160 2401; x_wconf 86' lang='lat' dir='ltr'><strong>constituit,</strong></span> <span class='ocrx_word' id='word_1_225' title='bbox 1197 2345 1357 2390; x_wconf 87' lang='lat' dir='ltr'><strong>saltare</strong></span> <span class='ocrx_word' id='word_1_226' title='bbox 1397 2348 1440 2388; x_wconf 87' lang='lat' dir='ltr'><strong>et</strong></span> <span class='ocrx_word' id='word_1_227' title='bbox 1476 2343 1729 2400; x_wconf 87' lang='lat' dir='ltr'><strong>tripudiare,</strong></span> 
     </span>
     <span class='ocr_line' id='line_1_30' title="bbox 197 2428 1730 2494; baseline -0.005 -18"><span class='ocrx_word' id='word_1_228' title='bbox 197 2432 529 2487; x_wconf 89' lang='lat' dir='ltr'><strong>postulavitque,</strong></span> <span class='ocrx_word' id='word_1_229' title='bbox 562 2435 610 2474; x_wconf 93' lang='lat' dir='ltr'><strong>ut</strong></span> <span class='ocrx_word' id='word_1_230' title='bbox 641 2432 828 2474; x_wconf 91' lang='lat' dir='ltr'><strong>omnium</strong></span> <span class='ocrx_word' id='word_1_231' title='bbox 853 2430 1050 2494; x_wconf 29' lang='lat' dir='ltr'><strong>‚insaniae</strong></span> <span class='ocrx_word' id='word_1_232' title='bbox 1071 2442 1176 2474; x_wconf 85' lang='lat' dir='ltr'><strong>suae</strong></span> <span class='ocrx_word' id='word_1_233' title='bbox 1195 2428 1505 2482; x_wconf 87' lang='lat' dir='ltr'><strong>vecordiaeque</strong></span> <span class='ocrx_word' id='word_1_234' title='bbox 1525 2439 1730 2482; x_wconf 86' lang='lat' dir='ltr'><strong>generum</strong></span> 
     </span>
     <span class='ocr_line' id='line_1_31' title="bbox 199 2507 1730 2569; baseline -0.004 -11"><span class='ocrx_word' id='word_1_235' title='bbox 199 2513 418 2569; x_wconf 85' lang='lat' dir='ltr'><strong>particeps</strong></span> <span class='ocrx_word' id='word_1_236' title='bbox 449 2510 583 2556; x_wconf 89' lang='lat' dir='ltr'><strong>fieret.</strong></span> <span class='ocrx_word' id='word_1_237' title='bbox 649 2510 734 2557; x_wconf 86' lang='lat' dir='ltr'><strong>Sed</strong></span> <span class='ocrx_word' id='word_1_238' title='bbox 764 2512 959 2557; x_wconf 87' lang='lat' dir='ltr'><strong>Mamaea</strong></span> <span class='ocrx_word' id='word_1_239' title='bbox 994 2517 1134 2556; x_wconf 87' lang='lat' dir='ltr'><strong>mater</strong></span> <span class='ocrx_word' id='word_1_240' title='bbox 1170 2509 1224 2555; x_wconf 93' lang='lat' dir='ltr'><strong>ab</strong></span> <span class='ocrx_word' id='word_1_241' title='bbox 1265 2510 1380 2555; x_wconf 91' lang='lat' dir='ltr'><strong>omni</strong></span> <span class='ocrx_word' id='word_1_242' title='bbox 1410 2508 1496 2553; x_wconf 88' lang='lat' dir='ltr'><strong>ista</strong></span> <span class='ocrx_word' id='word_1_243' title='bbox 1524 2507 1730 2553; x_wconf 82' lang='lat' dir='ltr'><strong>foeditate</strong></span> 
     </span>
     <span class='ocr_line' id='line_1_32' title="bbox 197 2590 1730 2648; baseline -0.003 -10"><span class='ocrx_word' id='word_1_244' title='bbox 197 2594 443 2639; x_wconf 85' lang='lat' dir='ltr'><strong>vindicabat</strong></span> <span class='ocrx_word' id='word_1_245' title='bbox 472 2607 570 2639; x_wconf 94' lang='lat' dir='ltr'><strong>eum</strong></span> <span class='ocrx_word' id='word_1_246' title='bbox 599 2593 948 2648; x_wconf 90' lang='lat' dir='ltr'><strong>abducebatque;</strong></span> <span class='ocrx_word' id='word_1_247' title='bbox 990 2592 1093 2636; x_wconf 91' lang='lat' dir='ltr'><strong>nihil</strong></span> <span class='ocrx_word' id='word_1_248' title='bbox 1122 2591 1310 2635; x_wconf 88' lang='lat' dir='ltr'><strong>habebat</strong></span> <span class='ocrx_word' id='word_1_249' title='bbox 1338 2590 1571 2646; x_wconf 84' lang='lat' dir='ltr'><strong>antiquius,</strong></span> <span class='ocrx_word' id='word_1_250' title='bbox 1603 2601 1730 2646; x_wconf 88' lang='lat' dir='ltr'><strong>quam</strong></span> 
     </span>
    </p>
   </div>
   <div class='ocr_carea' id='block_1_4' title="bbox 340 2768 790 2818">
    <p class='ocr_par' dir='ltr' id='par_1_5' title="bbox 340 2768 790 2818">
     <span class='ocr_line' id='line_1_33' title="bbox 340 2768 790 2818; baseline -0.002 -12"><span class='ocrx_word' id='word_1_251' title='bbox 340 2770 366 2818; x_wconf 86' lang='lat'><strong>²)</strong></span> <span class='ocrx_word' id='word_1_252' title='bbox 393 2768 446 2807; x_wconf 85' lang='lat' dir='ltr'><strong>cf.</strong></span> <span class='ocrx_word' id='word_1_253' title='bbox 471 2768 667 2806; x_wconf 87' lang='lat' dir='ltr'><strong>Herodian.</strong></span> <span class='ocrx_word' id='word_1_254' title='bbox 691 2768 732 2814; x_wconf 89' lang='lat' dir='ltr'><strong>V,</strong></span> <span class='ocrx_word' id='word_1_255' title='bbox 757 2770 790 2805; x_wconf 92' lang='grc'><strong>7.</strong></span> 
     </span>
    </p>
   </div>
  </div>
 </body>
</html>
