2003 3070
954 50 1012 95 56

216 188 592 237 Wietersheimius
621 190 667 246 (l.
697 189 724 234 l.
754 202 796 245 p.
824 189 957 246 235),
993 190 1070 246 qui
1093 190 1194 236 alia
1220 190 1432 239 nonnulla
1455 190 1742 247 wetberga·

215 274 361 315 menta
390 270 445 314 ad
484 272 844 326 comprobandam
879 271 986 316 hanc
1023 272 1291 317 sententiam.
1348 273 1493 326 Quae-
1515 278 1651 327 quum¹
1677 273 1744 317 ita

213 364 262 396 se
291 352 533 407 habuerint,
564 352 715 408 ingens
746 352 947 406 Romanis
968 352 1242 404 imminuisse«.
1264 355 1512 409 perieulum!
1531 355 1628 409 quis
1659 368 1742 398 non

214 432 352 486 videt,
381 432 639 487 praesertim
671 444 800 488 quum
832 433 1077 478 Alexander
1105 434 1223 481 haud
1248 433 1378 479 dubie
1407 433 1555 485 florem
1585 433 1741 480 Rom-

213 526 295 556 nae
321 514 559 558 iuventutis
580 516 741 568 partim
762 515 807 557 in
827 515 938 558 bello
960 516 1133 560 Persico
1151 516 1384 569 amisisset,
1415 517 1581 570 partim
1594 512 1744 570 procul

213 594 349 638 Roma
379 594 628 651 reliquisset
655 595 700 639 in
729 596 847 642 Asia.
906 596 1013 640 Inde
1049 608 1231 651 magnus
1268 596 1556 648 Romanorum
1596 609 1744 651 pavor,

214 688 340 731 quem
370 678 491 720 vides
522 689 576 719 ex
606 678 749 721 verbis
779 678 1036 731 Heredium,
1074 680 1152 732 qui
1183 681 1230 721 et
1257 679 1398 733 ipsum
1440 678 1742 732 imperatorem

214 761 260 801 et
287 759 448 803 amicos
478 759 564 808 iam
584 758 788 803 metuisse
809 759 864 802 de
880 760 981 813 ipsa
1007 759 1137 803 Italia
1163 759 1299 803 refert
1328 759 1422 814 (Vl,
1452 758 1514 814 7),
1545 760 1744 813 idemque

213 837 318 883 mihi
346 838 520 892 videtur
549 851 764 894 apparere
793 852 847 884 ex
874 839 1115 895 Lampridii
1146 839 1307 885 ver-bis:
1339 840 1630 893 „Imminebat
1658 840 1743 884 rei-

211 919 409 975 publicae
439 920 677 966 cervicibus
714 934 764 965 ea
801 922 937 974 natio,
977 935 1089 977 quae
1125 934 1295 976 semper
1332 922 1464 967 etiam
1495 921 1743 966 minusculis

210 1001 543 1057 imperatoribus
583 1002 778 1047 subiecta
816 1003 1047 1051 videbatur,
1077 1003 1124 1060 (l.
1156 1004 1184 1048 l.
1214 1002 1305 1059 59).
1363 1002 1517 1048 Nonne
1558 1003 1744 1058 scriptor

211 1084 278 1127 his
308 1084 435 1128 dietis
464 1089 615 1139 aperte
644 1084 773 1128 fidem
800 1084 917 1139 facit,
932 1085 1222 1130 Germaniam
1243 1085 1629 1129 formidolosiorem
1650 1088 1739 1128 tum

211 1165 409 1210 induisse·
430 1165 650 1222 speeiem?
680 1190 740 1206 —-‹
769 1165 853 1211 Vix
882 1165 1015 1222 igitur
1034 1167 1090 1211 de
1119 1166 1403 1220 seditionibus
1432 1165 1742 1213 Germanorum

211 1248 328 1292 fama
353 1249 412 1291 ad
440 1249 744 1302 imperatorem
766 1248 1017 1293 Antiochiae
1048 1248 1210 1293 deliciis
1241 1248 1360 1293 urbis
1391 1252 1613 1292 vacantem
1644 1260 1740 1302 per·

213 1333 415 1383 venerat,
445 1341 579 1385 quum
607 1329 770 1375 relictis
808 1331 852 1374 in
883 1330 1050 1375 oriente
1080 1329 1308 1385 praesidiis
1339 1331 1486 1373 statim
1516 1342 1615 1374 eum
1643 1329 1743 1375 ΜΗ..

213 1412 310 1466 quis
340 1410 490 1466 capiis,
506 1412 678 1456 domum
708 1411 846 1466 petiit.
895 1410 1175 1457 Herodianus
1193 1423 1277 1456 non
1296 1415 1616 1467 commemorat,
1647 1411 1744 1457 Ale·

211 1494 423 1539 xaudrum
476 1505 531 1537 ex
554 1533 557 1535 .
586 1494 752 1537 oriente
797 1492 979 1536 Romam
1032 1492 1264 1537 revertisse
1320 1493 1464 1546 ibique
1524 1492 1746 1548 paulisper

211 1578 519 1621 eommoratum
540 1586 666 1627 ‚essm
697 1574 774 1618 sed
804 1573 1040 1618 secundum
1072 1573 1165 1618 eius
1197 1572 1330 1618 verba
1359 1573 1597 1627 imperator
1626 1579 1746 1618 reeta

212 1654 281 1700 via
309 1655 478 1711 magnis
508 1654 737 1700 itineribus
774 1654 900 1699 factis
939 1654 995 1699 ad
1025 1653 1223 1704 Rhenum
1259 1655 1484 1699 contendit
1511 1654 1660 1710 ibique
1687 1655 1744 1699 ad

210 1736 368 1782 bellum
397 1737 633 1792 gerendum
673 1736 816 1781 omnia
843 1737 1109 1791 comparavit
1138 1735 1233 1791 (VI,
1264 1736 1325 1793 7).
1385 1736 1470 1780 Sed
1499 1748 1572 1780 res
1602 1735 1740 1781 Hem-

212 1818 385 1866 dianam
415 1818 582 1873 fefellit,
614 1823 664 1864 ut
692 1823 792 1864 ante
821 1820 980 1865 dictum
1010 1823 1103 1872 est;
1149 1818 1386 1874 imperator
1414 1819 1539 1864 enim
1567 1818 1744 1864 Romam

209 1913 411 1955 reversus
442 1900 707 1955 triumphum
742 1901 832 1956 egit
865 1901 1274 1956 splendidissimum.

348 1982 507 2027 Mirum
534 1986 766 2037 praeterea
794 1982 978 2036 videtur,
1009 1983 1125 2037 quod
1147 1981 1429 2032 Herodianus„
1450 1982 1609 2026 nullam
1639 1982 1744 2027 facit

208 2064 466 2110 mentionem
496 2063 549 2108 de
578 2065 634 2108 iis
664 2062 905 2118 Germanis,
935 2064 1011 2119 qui
1040 2063 1275 2108 secundum
1305 2062 1488 2110 eundem
1507 2068 1739 2109 'auctorem

208 2147 451 2191 Danubium
482 2146 745 2200 transgressi
775 2146 1011 2200 periculum
1053 2147 1136 2199 ipsi
1164 2145 1322 2189 Italiae
1349 2146 1504 2188 minari
1535 2144 1742 2189 videban-

210 2232 293 2274 tur.
323 2229 476 2285 Itaque
508 2227 883 2274 Wietersheimius
912 2229 1052 2282 putat,
1072 2226 1105 2281 ¹)
1135 2225 1373 2271 Herodiani
1394 2226 1556 2271 ‚verbaz
1590 2227 1741 2279 „relict

208 2311 266 2355 tis
296 2310 432 2366 copiis
461 2314 647 2366 quantas
675 2309 785 2363 satis
806 2309 901 2353 fore
920 2308 1218 2354 arbitrabatur
1237 2308 1429 2352 tutandis
1451 2308 1742 2353 Romanorum

209 2393 340 2449 ripis“
375 2397 456 2437 etc.
479 2391 572 2449 (VI,
604 2392 652 2448 7)
674 2391 729 2436 ad
749 2391 1005 2446 Danubium,
1036 2404 1125 2435 non.
1148 2391 1205 2434 ad
1225 2391 1493 2445 Euphratem
1514 2390 1742 2435 referenda

209 2487 317 2519 esse.
369 2474 454 2519 Sed
485 2485 569 2516 non
600 2472 743 2526 video‚
775 2472 987 2528 quomodo
1008 2475 1232 2517 contextus
1263 2472 1358 2528 ipse
1388 2472 1498 2516 hanc
1528 2472 1739 2527 interpre-

207 2558 413 2601 tationem
444 2557 672 2599 admittere
702 2555 912 2598 videatur.
975 2554 1156 2597 Constat
1187 2553 1377 2608 quidem,
1416 2558 1465 2597 ut
1493 2554 1599 2605 'ante
1631 2553 1739 2596 dixi-

352 2731 377 2775 ι)
401 2730 655 2765 Wietersheim
679 2728 703 2764 l.
726 2728 749 2764 l.
774 2739 810 2773 p.
834 2729 912 2763 232.
