2003 3070
985 67 1040 113 21

249 187 489 266 profitetur}
510 206 543 262 ἵ)
580 206 826 262 ,Tempora
857 197 959 259 vero
1007 206 1246 263 diligenter>
1281 205 1505 251 adnotavit
1549 205 1678 258 adeo,
1725 207 1773 247 ut

248 279 613 337 acmrratissimns·
634 287 684 331 in·
715 287 974 351 adnotandis
1008 278 1184 343 praeter
1222 296 1355 332 annos
1380 286 1610 332 'mensibus
1640 285 1771 329 etiam

248 378 379 428 atque
407 370 560 418 diebus
590 372 694 416 esse‘
715 365 925 418 videaturss

959 771 1065 824 V.

462 906 554 976 De
601 904 932 991 Alexandri
980 885 1211 998 imperii
1256 905 1564 998 principio.

253 1068 507 1145 Interfecto,
538 1093 588 1134 ut
616 1093 717 1134 aute
747 1089 908 1143 dictum
939 1094 1017 1146 est,
1049 1089 1283 1145 Elagabalo
1304 1088 1459 1133 milites
1480 1089 1770 1135 Alexandrum

248 1184 377 1228 quum
408 1174 712 1227 imperatorem
744 1172 1048 1225 declarassent,
1080 1172 1121 1214 in
1153 1171 1293 1215 aulam
1318 1170 1550 1226 palatinam
1581 1171 1770 1215 deduxe-

247 1258 350 1298 runt
394 1253 760 1299 adolescentulum
804 1253 1055 1309 admodum3
1073 1252 1107 1307 ²)
1159 1254 1369 1299 decimum
1415 1253 1527 1296 enim
1571 1258 1771 1309 quartum

248 1336 362 1380 vitae
401 1348 557 1379 annum
595 1335 826 1385 secundum
868 1335 1184 1393 Herodianum,
1229 1339 1279 1378 ut
1318 1340 1445 1379 antea
1482 1334 1770 1389 probavimus,
1828 1363 1837 1368 -

248 1417 318 1460 ille
349 1420 441 1460 tum
470 1416 693 1471 ingressus
725 1420 832 1460 era-t.
885 1414 1069 1460 Senatus
1100 1393 1369 1470 populusque
1398 1414 1628 1468 Romanus
1660 1427 1771 1471 quae

249 1498 340 1542 eius
370 1501 466 1541 erat
496 1498 539 1541 in
562 1496 848 1540 Alexandrum
879 1496 1188 1549 benevolentia,
1218 1497 1506 1551 nuncupatum
1536 1497 1770 1551 imperato—

249 1590 338 1622 rem
369 1578 495 1633 laetis
527 1578 731 1623 salutavit
760 1577 1016 1623 clamoribus
1029 1614 1040 1634 ,
1071 1582 1117 1622 et
1146 1590 1290 1623 omnes
1322 1589 1406 1622 uno
1436 1578 1672 1634 eodemque
1703 1578 1772 1623 die

248 1660 536 1714 amplissimae
566 1659 802 1714 dignitates
821 1660 877 1703 ad
899 1672 995 1703 eum
1018 1659 1187 1704 delatae
1204 1658 1239 1715 ³)
1270 1665 1383 1703 sunt.
1434 1660 1485 1703 In
1513 1660 1595 1704 hoc
1624 1664 1771 1704 tamen

249 1742 342 1785 sine
381 1740 510 1784 dubio
552 1739 824 1796 Lampridius
861 1744 1000 1796 errat,
1039 1741 1152 1796 quod
1195 1753 1328 1794 „novo
1369 1742 1584 1796 exemplo“
1624 1754 1771 1786 omnes

248 1835 334 1867 uno
378 1822 614 1877 eodemque
659 1821 728 1868 die
770 1822 954 1867 honores
987 1821 1230 1868 Alexandro
1276 1822 1441 1867 delatos
1486 1835 1582 1868 esse
1625 1822 1770 1869 refert.

249 1905 355 1948 Nam
388 1904 564 1949 Tacitus
594 1905 823 1950 memoriae
840 1904 875 1959 ⁴)
906 1903 1054 1958 tradit,
1085 1916 1215 1959 quum
1237 1903 1350 1948 Otho
1379 1904 1560 1949 militum
1591 1904 1771 1950 arbitrio

247 1987 483 2041 imperator
514 1986 654 2030 factus
684 1990 815 2040 esset,
844 1991 993 2041 patres
1022 1986 1270 2030 adcurrisse
1306 1989 1351 2029 et
1380 1985 1539 2029 Othoni
1569 1986 1697 2030 simul
1727 1991 1773 2031 et

248 2068 514 2112 tribunitiam
553 2070 815 2122 potestatem
851 2072 895 2111 et
933 2080 1085 2113 nomen
1125 2066 1309 2127 Augusti
1349 2071 1395 2111 et
1434 2080 1579 2113 omnes
1615 2069 1773 2124 princi-

248 2161 348 2203 pum
388 2148 572 2193 honores
613 2148 891 2204 decrevisse,
922 2160 1009 2192 uno
1045 2146 1300 2204 eodemque,
1346 2153 1395 2192 ut
1424 2147 1547 2194 facile
1577 2154 1771 2205 apparet,

247 2229 350 2283 die3·
383 2230 580 2286 idemque
616 2217 833 2276 Pertinaci
871 2229 1109 2286 contigisse.
1144 2228 1278 2275 refert
1315 2229 1394 2275 Iul.
1424 2230 1690 2286 Capitolinus
1727 2231 1771 2275 in

248 2311 457 2356 Pertinac.
489 2311 545 2367 (c.
575 2311 636 2368 5.)

390 2536 417 2580 ι)
443 2534 495 2571 Cf.
520 2534 589 2569 Dio
614 2533 758 2578 LXXX,
785 2536 815 2569 1.

389 2604 417 2650 ο)
442 2603 493 2642 Cf.
519 2603 712 2640 Herodian.
737 2603 778 2649 V,
801 2604 834 2640 8.
860 2607 1008 2641 extrem.

390 2673 420 2718 ³)
444 2672 497 2710 Cf.
521 2672 702 2719 Lamprid.
725 2673 763 2709 in
786 2672 889 2710 Alex.
916 2675 933 2708 1
960 2683 995 2710 u.
1018 2674 1052 2710 2.

387 2744 416 2788 ⁴)
440 2743 552 2780 Tacit.
575 2743 700 2780 histor.
724 2744 753 2789 1,
776 2744 832 2780 4⁷.
