2003 3070
973 109 1033 155 ω

371 250 503 304 Sunt,
540 249 615 305 qul
659 248 833 295 Sicilam
872 250 1029 295 eodem¹
1063 252 1158 295 loeo
1196 250 1335 294 sitam-¹·
1359 250 1500 296 misae
1532 249 1764 305 sputenw)

231 343 315 385 quo
347 344 458 376 nunc
494 331 684 386 positum
724 335 791 376 est
831 327 1155 390 „Sicklingenff‘
1206 331 1394 378 Lehnius
1429 335 1570 376 autem
1611 331 1765 376 ven-isl-

232 411 332 459 mile
356 423 468 458 esse
487 422 489 425 ’
506 412 812 460 demonstrare·
845 417 1048 471 conatur,
1065 413 1104 472 ²)
1128 413 1466 460 tsieihm2÷nffil
1499 413 1629 459 ‘aliud
1665 425 1762 458 esse

231 496 312 538 nisi
349 494 651 540 Bretzenheim
697 501 915 549 nostrum,
955 505 1037 539 non
1083 496 1209 551 longe
1258 496 1450 539 situm-a
1474 494 1765 551 ‘Mogontiaoos

230 578 315 620 Pro
347 582 467 620 certo
496 580 641 620 autem
672 577 822 622 haberi
859 582 1005 633 potest
1041 590 1094 622 ex
1125 577 1198 632 iis,
1235 585 1347 633 qnae
1381 577 1580 622 &xmus
1598 578 1654 622 de
1683 576 1764 621 hoe

228 656 353 711 bello,
385 655 557 701 Sicilam
588 657 632 700 in
662 657 805 702 Gallia
841 658 976 702 fuisse
1006 658 1133 703 sitam
1163 669 1247 701 non
1279 658 1406 756 louge
1436 665 1476 701 a'
1487 657 1765 756 Mogontiaco

228 738 470 782 intervallo.

369 820 440 862 De
465 823 673 874 tempore,
705 832 792 876 quo
824 820 1065 866 Alexander
1094 821 1253 866 bellum
1284 821 1493 865 adversus
1524 818 1764 863 Germanos

228 901 427 953 gesserit,
459 900 563 943 nihil
594 903 701 944 certi
731 903 845 955 apud
877 902 1110 955 scriptores
1141 903 1392 956 reperimus.
1439 902 1590 956 Neque
1618 906 1762 945 tamen

229 980 404 1024 dubium
436 983 628 1045 videtur,
669 982 785 1037 quin
812 994 923 1026 anno
960 982 1047 1027 234
1071 985 1120 1026 et
1150 981 1235 1026 235
1266 994 1358 1027 cum
1391 981 1619 1026 Germanis
1641 991 1762 1037 ‘pug-

225 1066 373 1105 natum
414 1063 482 1107 sit.
543 1062 714 1106 Etenim
753 1075 884 1117 quum
919 1063 1159 1108 Alexander
1191 1069 1291 1117 post
1324 1063 1599 1118 triumphum,
1629 1074 1757 1118 quem

227 1155 339 1188 anno
368 1144 454 1189 233
485 1148 627 1188 aetum
659 1156 755 1189 esse
785 1157 921 1200 supra
950 1144 1229 1198 ostendimus,
1259 1144 1314 1188 ad
1337 1144 1503 1190 bellum
1534 1140 1757 1188 Germani·

226 1236 319 1269 cum
351 1226 573 1280 profectus
604 1227 684 1279 sit,
726 1226 1079 1271 verisimillimum
1102 1227 1315 1281 'videtur,
1352 1225 1619 1271 bochellum
1647 1236 1764 1269 anno

226 1306 325 1361 234,
357 1307 430 1349 ubi
460 1307 560 1351 anni
590 1312 761 1362 tempus
792 1307 1047 1363 postulavit,
1078 1307 1322 1351 inchoatum
1355 1318 1463 1351 esse.
1524 1306 1763 1351 Germanos

226 1392 370 1431 autem
411 1389 497 1430 iam
537 1399 650 1431 anno
690 1388 800 1441 233,
846 1400 932 1443 quo
971 1388 1217 1442 triumphus
1251 1393 1375 1433 actus
1415 1393 1506 1441 est,
1548 1388 1595 1431 in
1630 1387 1762 1434 armis

227 1468 374 1523 fnisse,
406 1481 460 1512 ex
492 1468 739 1514 Herodiano
753 1468 789 1524 ')
821 1469 965 1525 colligi
996 1472 1163 1525 potest,
1193 1469 1478 1524 utvidimus,
1507 1469 1760 1524 praecipuo-

229 1563 313 1606 que
344 1563 397 1594 ex
427 1550 821 1605 acclamationibus,
853 1563 961 1606 quas
991 1550 1263 1605 Lampridius
1294 1550 1430 1595 refert
1461 1551 1514 1605 (c.
1545 1550 1603 1594 56
1632 1551 1658 1594 l.
1684 1550 1761 1605 Ἰ1.);

231 1633 341 1685 „Per
369 1638 427 1686 te,
459 1633 539 1688 (sc.
563 1633 871 1689 Alexandrum)
903 1633 1124 1678 victoriam
1155 1634 1210 1678 de
1236 1632 1463 1677 Germanis
1494 1631 1759 1688 speramus.“

227 1716 350 1759 Anno
385 1714 473 1759 234
513 1714 755 1761 Alexander
792 1727 928 1771 usque
967 1714 1023 1759 ad
1060 1714 1256 1759 Rhenum
1291 1714 1463 1759 videtur
1500 1713 1762 1770 processisse

228 1800 489 1852 pontemque
519 1797 677 1841 iunctis
714 1799 828 1841 inter
867 1809 915 1841 se
951 1797 1136 1852 navigiis
1175 1796 1354 1849 fecisse3
1398 1796 1540 1840 hieme
1576 1807 1678 1839 vero
1707 1796 1762 1839 de

227 1891 334 1933 pace
364 1890 459 1923 cum
491 1877 719 1923 Germanis
758 1880 912 1934 egisse.
943 1902 999 1910 -—
1031 1879 1160 1932 Sunt,
1198 1878 1274 1933 qui
1313 1876 1545 1921 Alexandri
1579 1880 1761 1921 mortem

228 1971 363 2013 usque
410 1959 453 2002 in
500 1965 754 2003 autumnum
797 1962 898 2004 anni
950 1961 1036 2004 235
1080 1958 1359 2004 differendam
1405 1969 1502 2003 esse
1548 1963 1761 2003 censeant.

226 2040 416 2094 Quorum
448 2047 705 2097 argumenta
724 2043 768 2086 in
790 2041 976 2097 speciem
997 2052 1127 2096 saepe
1155 2040 1305 2096 gravia
1334 2039 1531 2095 pluribus
1554 2039 1762 2084 refutavit

227 2122 473 2176 Eckhelius‚
490 2123 526 2178 ⁴)
558 2124 625 2166 vir
653 2124 725 2168 ille
756 2124 809 2166 de
841 2123 1120 2177 chronologia
1145 2123 1452 2177 imperatorum
1473 2122 1760 2165 Romanorum

226 2204 386 2259 optime
428 2205 629 2258 merituS‚
677 2218 729 2250 ex
767 2205 947 2261 eiusque
995 2204 1287 2259 disputatione
1334 2203 1561 2248 manifesto
1605 2203 1762 2259 liquet,

227 2286 460 2330 Alexandri
501 2300 649 2332 necem
688 2300 773 2330 non
813 2300 940 2342 posse
981 2288 1151 2341 longius
1191 2299 1323 2342 quam
1358 2286 1450 2331 fere
1489 2286 1569 2330 sub
1604 2285 1762 2331 mensis

370 2508 397 2554 ¹)
420 2508 581 2554 Masona,
607 2508 736 2545 Geseh.
762 2508 827 2544 der
851 2507 1026 2545 Deutsch.
1053 2509 1080 2544 1.
1105 2507 1173 2545 Th.
1193 2519 1232 2554 p.
1263 2508 1329 2543 158
1353 2508 1457 2544 Anm.
1482 2509 1515 2544 2.

369 2580 399 2623 ¹)
424 2578 477 2614 Cf.
502 2578 626 2614 Lehne
650 2579 698 2613 im
713 2578 841 2615 Rhein.
858 2578 991 2614 Archiv
1016 2578 1109 2614 nach
1133 2579 1179 2614 H.
1195 2577 1333 2623 Luden,
1360 2578 1489 2614 Gesch.
1514 2578 1577 2614 des
1603 2576 1763 2613 deutsch.

228 2648 374 2685 Volkes.
399 2647 518 2684 Gotho.
543 2649 634 2684 1826
658 2647 724 2685 Bd.
748 2650 770 2683 2
796 2659 820 2694 p
856 2649 914 2685 81.

370 2720 400 2765 ⁸)
424 2718 559 2756 Herod.
583 2718 640 2765 VI,
664 2720 701 2755 7.

369 2791 398 2836 ⁴)
426 2789 477 2826 Cf.
501 2789 653 2827 Eckhel.
678 2790 701 2825 l.
727 2789 750 2826 l.
775 2801 811 2835 p.
834 2790 999 2826 282-4.
