2003 3070
967 92 1021 136 12

221 241 339 272 mero
370 243 503 274 aureo
533 230 647 274 XIV.
677 232 796 285 cyclo
834 232 937 275 solis
968 233 1058 276 VH.
1090 232 1216 277 litera
1248 232 1499 277 Dominicali
1530 231 1605 276 F.“
1668 232 1750 284 Qui

219 322 354 353 canon
386 322 515 365 quum
546 310 650 354 Idus
684 312 851 365 Apriles
877 314 977 355 anni
1007 313 1094 355 222
1123 325 1218 357 cum
1250 314 1387 368 primo
1411 313 1640 357 Alexandri
1670 313 1748 355 im-

220 390 330 445 perii
367 392 601 447 coniungat
640 404 776 445 ann0,
816 392 968 436 Dionis
1010 406 1284 438 numerorum
1327 393 1481 438 rationi
1523 393 1749 437 admodum

219 471 348 516 favet.
382 497 433 505 -
471 474 525 517 At
558 473 831 517 Herodianus
853 473 925 529 [V.
948 475 975 517 8
1006 475 1135 530 extr.)
1176 475 1218 542 in
1265 480 1431 520 sextum
1472 475 1642 530 imperii
1671 487 1747 517 an-

219 566 320 597 num
351 567 630 610 progressum
660 568 756 600 esse
786 555 1065 611 Elagabalum
1103 558 1239 601 tradit
1281 558 1459 613 eiusque
1496 557 1749 601 sententiam

221 634 393 679 firmare
425 637 627 680 videntur
656 637 773 680 numi
795 638 969 693 quidam
998 637 1220 693 Elagabali
1243 638 1419 683 Tribun.
1455 642 1670 693 potestate
1701 638 1750 682 V.

218 718 426 772 inscripti,
459 731 586 773 quam
618 723 877 774 potestatem
911 719 1184 775 Elagabalus,
1216 720 1266 775 si,
1297 720 1527 765 secundum
1558 720 1750 774 Dionem,

220 803 377 854 quarto
418 800 588 854 imperii
633 813 743 845 anno
786 800 1040 845 interfectus
1081 805 1168 856 est,
1214 801 1329 845 nullo
1370 801 1494 844 modo
1538 802 1751 856 attingere

219 881 372 936 potuit.

359 962 579 1017 Virginius
621 962 870 1009 Valsechius
918 963 961 1008 in
1001 963 1307 1008 dissertatione
1346 963 1486 1008 altera
1526 963 1578 1008 de
1629 963 1750 1008 initio

217 1044 386 1099 imperii
426 1045 655 1089 Alexandri
697 1046 848 1090 Severi
884 1046 970 1102 (ed.
1008 1045 1251 1090 Florentiae
1294 1046 1424 1099 1715,
1463 1047 1678 1090 recensita
1707 1046 1751 1089 in

219 1125 340 1169 Actis
377 1126 657 1170 Eruditorum
700 1127 809 1170 1719
846 1141 887 1183 p.
919 1128 1004 1171 313
1036 1127 1118 1183 sq.)
1158 1127 1308 1171 Dionis
1349 1128 1608 1171 sententiam
1646 1128 1750 1170 reti-

219 1207 401 1251 nendam
432 1211 577 1252 censet
609 1220 705 1251 cum
737 1221 873 1264 eaque
904 1221 1055 1252 numos
1085 1208 1308 1264 Elagabali
1337 1208 1453 1252 Trib.
1484 1211 1573 1262 pot.
1605 1209 1654 1252 V.
1687 1207 1750 1250 in-

218 1288 401 1343 signitos
432 1288 474 1331 in
507 1288 586 1334 hoc
618 1288 816 1334 conciliat
851 1290 1032 1334 modum.
1087 1291 1147 1333 Ac
1168 1289 1352 1345 primum
1385 1290 1587 1333 Antonini
1619 1288 1749 1333 Cara-

219 1370 352 1414 callae
383 1369 515 1413 filium
547 1373 592 1414 et
624 1369 770 1416 Severi
803 1376 1000 1426 nepotem
1033 1384 1080 1415 se
1120 1372 1278 1415 dixisse
1309 1370 1591 1426 Elagabalum
1622 1369 1748 1425 profi-

218 1455 337 1496 tetur
367 1465 503 1507 eaque
525 1464 572 1495 re
592 1453 830 1507 legitimum
854 1452 1101 1520 Caracallae
1118 1465 1433 1505 successorem;
1466 1465 1596 1508 quum
1620 1452 1752 1507 igitur

217 1535 433 1586 Macrino,
465 1533 624 1577 iniusto
656 1530 924 1588 usurpatori,
962 1533 1223 1589 Elagabalus
1254 1534 1478 1588 imperium
1509 1534 1751 1588 eripuisset,

218 1628 380 1667 nomen,
402 1615 570 1671 imperii
601 1616 693 1661 eius
724 1630 747 1660 e
778 1615 904 1659 fastis
940 1628 1036 1659 eum
1068 1616 1253 1660 erasisse
1283 1619 1328 1660 et
1358 1617 1607 1660 memoriam
1637 1615 1751 1660 illius

218 1698 437 1741 studuisse
470 1696 666 1750 abolere3
708 1698 808 1740 inde
839 1697 1005 1740 factum
1033 1710 1152 1752 esse,
1195 1702 1244 1740 ut
1281 1697 1353 1740 ille
1384 1697 1549 1752 imperii
1582 1697 1751 1740 initium

219 1779 317 1823 inde
349 1792 376 1821 a
408 1778 655 1822 Caracallae
688 1784 825 1822 morte
869 1778 1113 1833 deduceret,
1145 1779 1188 1821 id
1219 1783 1287 1822 est
1319 1783 1429 1822 teste
1460 1778 1596 1822 Dione
1627 1778 1673 1832 (l.
1704 1776 1750 1833 l.)

218 1873 244 1903 a
273 1861 344 1904 die
375 1860 489 1903 VHI.
523 1860 680 1903 mensis
715 1860 873 1914 Aprilis
904 1872 1014 1903 anno
1035 1860 1132 1903 217.
1187 1859 1278 1903 Hoc
1299 1860 1450 1903 Dionis
1481 1859 1750 1913 potissimum

218 1942 392 1995 probari
424 1941 681 1995 testimonio,
713 1943 785 1996 qui
807 1941 839 1995 ²)
872 1941 1028 1986 milites
1058 1954 1085 1984 a
1114 1940 1305 1984 Macrino
1336 1940 1529 1985 defectos
1559 1940 1614 1983 ad
1645 1940 1750 1983 Ela-

217 2023 416 2078 gabalum
461 2023 573 2067 hunc
620 2035 772 2067 revera
817 2022 1065 2067 Caracallae
1110 2021 1243 2066 filium
1289 2023 1469 2078 eiusque
1516 2021 1749 2076 legitimum

217 2117 508 2151 successorem
540 2088 699 2149 dixisse
733 2104 880 2149 refert.
941 2105 1009 2148 Ita
1038 2103 1132 2148 fieri
1162 2104 1374 2160 potuisse,
1406 2109 1454 2149 ut
1484 2109 1695 2160 expuncto
1727 2117 1750 2148 e

216 2188 340 2231 fastis
370 2188 554 2232 Macrini
585 2187 755 2231 nomine
785 2187 1007 2241 ipsiusque
1039 2186 1263 2241 Elagabali
1299 2200 1380 2241 pro
1411 2187 1483 2230 illo
1515 2186 1750 2231 substituto

217 2269 283 2313 hic
317 2268 433 2314 Trib.
466 2272 611 2324 potest
641 2268 692 2312 V.
725 2268 973 2325 attingeret.

356 2350 514 2405 Pagius
545 2350 589 2393 in
621 2350 769 2394 critica
800 2350 854 2393 ad
887 2350 1062 2394 Baronii
1093 2349 1269 2393 annales
1302 2349 1451 2393 eccles.
1482 2349 1606 2404 (tom.
1640 2348 1681 2391 11
1710 2361 1750 2403 p.

215 2434 301 2478 45ι)ι
334 2433 399 2476 ed.
433 2433 592 2488 Lucae)
623 2432 677 2476 ab
707 2444 820 2475 anno
850 2433 934 2476 217
975 2433 1040 2477 vel
1070 2432 1217 2487 potius
1248 2445 1274 2475 a
1303 2431 1508 2475 Kalendis
1538 2430 1752 2474 Ianuariis

216 2516 318 2559 anni
346 2515 445 2569 218,
477 2526 563 2570 quo
593 2514 836 2570 appellatus
868 2518 935 2559 est
965 2513 1222 2569 imperator,
1262 2511 1544 2569 Elagabalum
1582 2511 1752 2566 imperii

216 2609 351 2641 annos
392 2608 642 2641 numerasse
682 2597 849 2640 statuit.
927 2595 1011 2641 Sed
1052 2597 1309 2651 perstringit
1355 2607 1453 2638 eum
1500 2593 1751 2637 Valsechius
1798 2626 1800 2628 .

362 2772 387 2817 Ι)
413 2770 468 2807 ef.
493 2770 563 2807 Dio
586 2770 777 2820 mvm,
803 2771 849 2806 33
