2003 3070
587 788 590 792 ’
651 815 653 817 ’
718 793 1273 933 mmmm„
1372 789 1375 791 ’

222 1134 525 1215 Cogitabam
578 1144 848 1214 aliquando
900 1163 976 1197 res
1009 1143 1194 1215 'gestas
1243 1146 1514 1197 Alexandri
1559 1145 1746 1209 Severi,
1790 1211 1794 1214 .

220 1245 558 1295 Romanorum
603 1240 937 1307 imperatoriS,
986 1242 1297 1292 conscribere
1341 1249 1598 1309 totumque
1642 1257 1746 1294 am·

221 1337 371 1405 plecti
407 1336 510 1385 eius
546 1333 743 1401 imperii
778 1333 1016 1399 spatium,
1053 1335 1241 1402 quippe
1276 1335 1411 1402 quod
1445 1352 1548 1384 non
1584 1333 1747 1397 modo,

220 1428 555 1498 singularibus
589 1426 736 1476 huius
770 1425 1082 1493 imperatoris
1125 1427 1388 1478 virtutibus
1436 1419 1748 1495 ingeniisque

220 1524 433 1573 aliorum
467 1521 688 1571 virorum
722 1519 1015 1587 insignibus,
1049 1538 1221 1571 verum
1258 1522 1413 1572 etiam·
1442 1521 1637 1588 magnis
1670 1536 1747 1569 re·-

219 1634 331 1665 rum
353 1613 618 1664 momentis
640 1613 822 1663 enitere
845 1612 1112 1665 admodum
1135 1615 1259 1665 mihi
1283 1615 1544 1668 videretur.
1602 1613 1746 1680 Mag·-

219 1727 341 1759 num
374 1715 540 1767 autem
579 1705 842 1757 meditatus
884 1706 1018 1757 illius
1059 1690 1297 1775 temporis
1338 1708 1553 1776 spatium
1595 1723 1748 1775 quum

219 1800 591 1870 perspexissem,
628 1806 749 1867 quot
784 1807 1067 1868 quantaque
1109 1801 1272 1854 studia
1306 1802 1444 1869 prius
1479 1808 1639 1854 essent
1671 1800 1747 1850 in·-

221 1894 479 1957 stituenda,
518 1911 669 1960 quam
702 1910 806 1942 rem
839 1894 999 1960 ipsam
1035 1895 1244 1962 aggredi
1278 1896 1448 1946 lioeret
1484 1895 1748 1945 eonfieien·

221 1988 349 2052 dam,
385 1987 451 2038 ab
485 1986 576 2036 illo
612 1985 812 2054 quidem
849 1987 1056 2037 consilio
1082 1987 1414 2040 desistendum
1449 2007 1569 2039 mox
1605 1995 1747 2055 puta-

220 2081 351 2131 bam.
411 2078 551 2141 Quae
575 2078 707 2129 enim
731 2077 931 2130 Tacitus
970 2079 1031 2130 de
1060 2080 1346 2133 Germanioi
1376 2090 1538 2132 morte
1578 2080 1747 2146 „vario

220 2191 416 2225 rumore
448 2173 657 2223 iactata“
698 2172 1063 2239 pronuntiavit:
1086 2173 1119 2243 ¹)
1161 2174 1330 2240 „Adeo
1358 2175 1577 2225 maxima
1598 2191 1748 2241 quae·

221 2285 317 2338 que
351 2267 588 2335 ambigua
621 2272 749 2330 sunt,
784 2264 905 2316 dum
928 2267 1016 2318 alii
1040 2285 1241 2338 quoquo
1276 2269 1426 2320 modo
1462 2268 1633 2319 audita
1654 2284 1746 2335 pro

222 2362 488 2432 compertis
531 2359 742 2423 habent,
800 2360 887 2411 alii
927 2380 1047 2413 vera
1092 2364 1144 2414 in
1190 2366 1490 2416 eontrarium
1534 2371 1748 2427 vertunt,

223 2468 271 2510 et
306 2458 472 2527 gliscit
505 2463 770 2520 utrumque
791 2456 1121 2522 postefitate‚“
1161 2459 1225 2511 ad
1248 2458 1522 2510 Alexandri
1546 2474 1749 2526 >quoque

222 2553 392 2605 Severi
426 2570 503 2603 res
536 2556 703 2619 vgestas
739 2548 930 2615 optime
965 2552 1072 2603 iure
1106 2555 1276 2605 referri
1302 2562 1522 2622 possunt.
1593 2552 1749 2603 Primi

363 2754 390 2802 ¹)
405 2748 530 2793 ‘Tacit
553 2755 671 2793 annal.
694 2754 755 2802 111,
783 2757 838 2793 19.
