2003 3070
998 60 1051 104 16

257 203 338 254 rat,
371 213 457 255 qua
486 199 680 243 Macrino
709 198 824 244 victo
854 199 1118 255 Elagabalus
1155 200 1382 256 imperium
1417 206 1569 247 nactus
1599 206 1687 248 est:
1736 201 1788 261 ,ὁ

177 331 182 334 χ
256 284 335 341 μὲν
355 281 604 335 Βασσιανὸς
634 281 713 337 (sc.
739 280 984 338 Elagabal.)
1015 283 1121 342 περὶ
1150 280 1225 341 ἔτη
1260 282 1447 341 γεγονώς
1479 285 1787 346 τεσσαρεσκαί-

255 366 382 417 δεκα,
422 362 448 408 ὁ
483 363 532 407 δὲ
568 360 820 415 Ἀλεξιανός
860 363 935 418 (sc.
978 363 1240 420 Alexander)
1277 361 1475 410 »δεκάτου
1495 363 1644 418 :drove
1691 365 1787 422 (alii

254 446 436 490 δέκατον
471 442 588 498 ἔτος)
625 442 951 502 ἐπιβεβηκώς.“
1014 444 1082 489 Ex
1118 445 1203 490 alio
1243 449 1386 490 autem
1426 438 1664 492 Herodiani
1692 448 1786 493 loco

253 529 448 581 apparet,
479 525 769 569 Alexandrum
813 525 1077 580 adoptatum·
1108 526 1163 569 ab
1203 525 1437 580 Elagabalo
1474 531 1520 572 et
1559 527 1786 574 Gaesarem

164 591 168 597 ¹
252 608 412 653 factum
445 619 540 652 esse
570 610 676 662 tum,
708 619 840 662 quum
870 598 1169 652 duodecimum
1199 609 1418 664 attigisset
1459 592 1586 653 vitae
1613 622 1784 654 annum.

252 690 394 742 Quum
424 689 536 732 enim
556 686 821 742 Elagabalus.
838 689 1058 743 ingressus
1081 692 1198 733 esset
1228 692 1438 743 senatum,
1475 693 1524 733 ut
1553 688 1659 735 haec
1688 687 1787 735 rata

250 772 423 823 faceret,
455 770 652 813 omnibus
683 770 757 824 qui
778 770 959 814 aderant
988 770 1071 814 hoc
1101 770 1330 815 ridiculum
1361 773 1498 815 visum
1531 775 1599 815 est
1628 783 1780 816 secun-

251 853 352 896 dum
385 850 678 895 Herodianum
708 850 782 904 (V,
813 852 882 893 71:
927 851 1121 911 »πατέρα
1139 851 1218 907 μὲν
1247 851 1416 898 ἐκεῖνον
1437 852 1547 908 (scil.
1568 853 1782 908 Elagaba-

251 934 361 989 lum)
392 934 543 978 δοκεῖν
573 929 647 989 ἔτη
679 929 885 988 γεγονότα
925 932 1031 992 περί
1060 949 1149 978 που
1179 932 1432 987 ἑκκαίδεκα,
1472 933 1547 979 τὸν
1585 932 1784 986 Ἀλέξαν-

252 1016 359 1076 δρον
397 1014 446 1058 δὲ
487 1012 583 1058 υἱὸν
618 1018 698 1057 τοῦ
738 1009 992 1058 δωδεκάτου
1033 1013 1357 1071 ἐπιβαίνοντα.“
1422 1014 1628 1071 Sequitur
1666 1028 1783 1070 ergo,

253 1101 303 1140 ut
334 1095 595 1150 Elagabalus
625 1107 704 1149 per
733 1095 841 1138 duos
873 1107 1008 1138 annos
1039 1096 1328 1151 imperaverit,
1360 1098 1530 1151 quando
1561 1098 1784 1152 adoptavit

252 1177 554 1223 consobrinum
586 1180 630 1222 et
660 1176 887 1221 Caesarem
920 1176 1035 1221 fecit.
1065 1202 1121 1207 —
1153 1178 1241 1222 Iam
1278 1191 1380 1223 vero
1414 1179 1685 1222 Herodianus
1716 1192 1784 1222 re·

250 1260 357 1314 fert,
399 1258 687 1303 Alexandrum
729 1257 959 1302 Caesarem
998 1258 1158 1302 factum
1199 1261 1344 1304 statim
1390 1259 1653 1305 declaratum
1689 1272 1785 1304 esse

250 1341 468 1386 consulem
506 1352 603 1384 cum
642 1339 899 1394 Elagabalo,
948 1339 1149 1385 videlicet
1194 1342 1238 1384 in
1275 1353 1430 1384 annum
1476 1342 1784 1396 insequentem.

254 1421 613 1478 »Ἀποδειζκνυται
654 1421 704 1465 δὲ
738 1425 921 1481 Καῖσαρ
951 1418 977 1465 ὁ
1007 1419 1294 1482 Ἀλέξανδρος
1332 1420 1500 1476 ὕπατός
1537 1439 1585 1469 τε
1615 1422 1697 1469 σῦν
1724 1427 1786 1480 τῷ

247 1504 488 1562 Ἀντωνίνῳ
537 1503 615 1558 (sc.
660 1503 859 1557 Elagab.)
905 1502 957 1547 cf.
993 1502 1154 1548 Herod.
1196 1504 1242 1557 (l.
1284 1504 1376 1560 1.)“.
1437 1504 1594 1548 Omnes
1641 1508 1783 1549 autem

249 1586 364 1640 fasti,
396 1589 445 1630 ut
475 1589 575 1630 ante
606 1584 769 1629 dictum
799 1589 888 1640 est,
923 1586 1215 1639 consentiunt,
1247 1585 1526 1642 Elagabalum
1557 1598 1651 1631 cum
1682 1585 1782 1630 Ale-

248 1669 413 1712 xandro
444 1666 662 1711 consulem
693 1666 828 1710 fuisse
860 1668 996 1711 semel
1026 1670 1194 1710 tantum
1228 1668 1359 1723 idque
1390 1667 1564 1722 quidem
1594 1671 1783 1712 extremo

247 1750 362 1795 illius
391 1748 528 1805 ipsius
557 1747 728 1803 imperii
759 1760 884 1803 anno,
917 1751 962 1792 et
982 1748 1254 1803 Lampridius
1285 1761 1458 1804 quoque
1484 1750 1528 1792 in
1548 1747 1782 1803 Elagabalo

249 1831 347 1888 (13)
381 1832 699 1884 commemorat,
731 1828 1010 1884 Elagabalum
1040 1842 1136 1874 cum
1158 1829 1412 1874 consobrino
1443 1829 1539 1873 Kal.
1570 1829 1783 1874 Ianuariis

249 1914 488 1970 procedere
520 1912 726 1966 noluisse,
768 1923 898 1965 quum
930 1911 1056 1955 simul
1086 1916 1179 1955 tum
1209 1912 1421 1967 designati
1452 1916 1593 1956 essent
1627 1923 1780 1956 consu-

247 1997 324 2052 les,
355 1996 431 2039 sed
468 2006 551 2038 non
592 1994 655 2039 ita
694 1992 827 2038 multo
868 1997 968 2049 post
1004 1993 1283 2049 Elagabalum
1314 2006 1341 2037 a
1369 1993 1579 2039 militibus
1619 1995 1782 2049 impetu

250 2077 362 2123 facto
393 2077 657 2121 trucidatum
686 2087 794 2120 esse.

389 2159 528 2213 Quum
559 2157 705 2220 igitur,
737 2156 785 2201 id
812 2156 925 2211 quod
957 2169 1081 2202 nemo
1114 2161 1256 2213 negat,
1287 2156 1549 2213 Elagabalus
1580 2161 1781 2213 quartum

247 2253 371 2284 suurn
403 2240 686 2290 consulatum,
718 2238 889 2292 quando
914 2239 1155 2282 Alexander
1181 2239 1365 2293 primum
1387 2242 1484 2283 erat
1502 2240 1664 2292 consul,
1697 2251 1780 2281 non

246 2321 465 2378 peregerit
486 2324 623 2364 morte
644 2325 918 2375 praeventu8‚
945 2320 1133 2364 dubitari
1154 2333 1238 2364 non
1258 2324 1417 2375 potest,
1449 2321 1551 2376 quin
1572 2320 1626 2364 ab
1646 2321 1778 2374 adop-

248 2403 364 2448 tione
396 2401 625 2447 Alexandri
667 2412 803 2458 usque
834 2400 889 2446 ad
920 2412 1065 2446 necem
1096 2401 1321 2458 Elagabali
1351 2401 1437 2446 duo
1469 2405 1636 2446 tantum
1666 2400 1782 2457 anni,

247 2477 472 2540 utrimque
502 2483 769 2538 incompleti,
808 2482 1023 2528 fluxerint.
1084 2485 1163 2527 Est
1200 2488 1341 2528 autem
1376 2484 1615 2528 Alexander
1644 2484 1778 2539 adop-

246 2571 366 2613 tatus
396 2566 450 2611 ab
480 2566 736 2622 Elagabalo,
776 2578 861 2621 quo
902 2569 1094 2620 tempore
1125 2565 1212 2622 hic,
1253 2571 1302 2610 ut
1339 2579 1472 2622 supra
1501 2565 1778 2621 ostendimus,

246 2662 326 2706 per
356 2648 463 2693 duos
496 2648 577 2692 iam
608 2660 743 2692 annos
783 2647 1083 2702 imperaverat.
1143 2647 1248 2693 Inde
1288 2660 1391 2693 vero
1427 2647 1613 2693 dilucide
1643 2659 1777 2704 appa-

245 2736 327 2787 ret,
358 2729 652 2774 Herodianum
683 2741 767 2788 non
794 2729 1130 2784 quinquennium
1160 2729 1227 2772 vel
1248 2730 1379 2774 etiam
1410 2729 1670 2784 sexennium,
1701 2731 1778 2774 sed
