2003 3070
961 64 1040 126 μ

219 207 671 257 ὀάῑτοοῢῃείίίιηόοε
698 209 884 257 militiun
909 213 1076 258 animos
1107 206 1774 269 maltanopuswfuisset-›vimpe-

240 293 477 348 cuniarum,
509 304 650 349 quam·
669 293 752 338 uisi
781 284 1142 350 splendidissimis
1162 286 1366 340 *vietel-iis
1386 293 1631 343 Alexander
1652 300 1775 340 'eom-

236 385 513 429 pararenon
534 375 799 430 ·p0tuisset.⁶⁴
863 376 948 421 Sed
977 379 1162 429 tumn,-
1185 375 1357 421 etiamsi
1396 371 1635 421 incredibili
1676 375 1775 419 Ela-

239 455 382 512 gabali
396 468 399 473 ’
413 446 595 501 luxuria
613 458 829 502 aerarium
862 458 989 513 plane
1018 460 1116 504 erat
1144 457 1425 511 maestum,
1453 469 1608 502 nenne
1632 456 1778 504 nimia

239 536 460 583 Mamaeae
491 539 770 594 parsimonia,
800 540 855 584 de
885 546 1134 595 quar‘saepe
1153 538 1436 584 Herodianus>
1458 543 1507 584 et
1534 538 1627 594 ipse
1648 538 1775 582 Lam-

238 620 407 675 pridius
426 619 461 675 ¹)
497 622 757 668 mentionem
796 620 981 676 faciunt,
1038 613 1236 677 eiusque>
1254 620 1472 676 prudenti
1494 622 1777 676 pecuniarum

238 702 613 748 administratione
672 715 753 759 per
814 704 1002 758 spatium
1054 703 1204 749 decem
1254 714 1465 748 annorum
1508 724 1567 734 —-
1607 702 1775 748 decimo

238 785 350 828 enim
383 784 617 837 ¹Alexandri
656 784 779 840 regui
819 796 932 829 auno
974 784 1132 828 bellum
1163 785 1387 829 Persicum
1416 783 1662 831 inchoatum
1693 788 1775 836 est,

238 868 289 909 ut
319 865 432 909 infra
462 864 711 910 docebimus
744 889 792 896 -
831 865 990 920 repleri
1021 866 1164 921 potuit
1200 866 1458 910 aerarium?⁴
1505 865 1612 912 Mihi
1642 864 1775 921 igitur

238 946 494 1001 probantur,
526 959 639 1002 quae
659 945 931 991 Herodianus
962 946 1099 992 refert
1126 946 1223 1002 (VI,
1251 947 1338 1003 60:
1381 947 1536 992 Statim
1556 947 1651 1001 ipse
1671 958 1772 990 con-

237 1029 373 1072 valuit
405 1033 449 1073 et
480 1028 639 1073 milites
669 1029 897 1072 recreabat
925 1032 1060 1084 atque
1097 1040 1247 1072 eorum
1288 1029 1547 1073 moestitiam
1578 1027 1772 1073 consola-

236 1108 367 1154 batur
397 1109 657 1164 elargiendis
688 1110 905 1164 pecuniis,
943 1121 1021 1154 nec
1057 1109 1177 1165 prius
1217 1109 1272 1154 ab
1313 1109 1393 1154 hac
1423 1109 1623 1165 opinione
1654 1120 1772 1155 rece-
1797 1123 1802 1130 ·

237 1192 421 1235 dendum
470 1194 601 1245 puto,
633 1196 787 1245 -quam
831 1192 1099 1244 argumentis
1142 1190 1523 1245 probabilioribus·
1550 1191 1774 1246 magisque

236 1272 467 1317 luculentis
498 1273 836 1325 demonstretur,
867 1272 984 1316 nullo
1013 1284 1194 1327 prorsus
1215 1271 1343 1315 modo
1364 1273 1471 1317 satis
1493 1273 1773 1327 pecuniarum

239 1353 485 1398 Alexandro
514 1365 611 1399 esse
641 1352 857 1409 potuisse,
896 1352 1009 1398 unde
1049 1353 1351 1399 reconciliaret
1382 1354 1773 1409 militumanimoS,

235 1435 351 1491 quod
381 1434 555 1491 quidem
586 1433 754 1480 difficile
785 1433 887 1479 mibi
918 1435 1093 1480 videtur
1121 1434 1179 1479 ad
1209 1435 1491 1491 probandum.

377 1520 433 1560 At
462 1519 577 1560 enim
607 1517 820 1561 mirantur
848 1516 1101 1569 admodum,
1143 1519 1218 1570 qui
1248 1517 1544 1570 Lampridium
1585 1527 1773 1571 sequun-

234 1600 322 1651 tur,
353 1598 397 1645 in
427 1597 567 1653 iisque
597 1595 807 1642 Krebeius
838 1597 900 1653 (p.
931 1597 990 1642 24
1018 1596 1096 1653 ff.)‚
1126 1598 1244 1653 quod
1273 1597 1539 1643 Artaxerxes
1571 1598 1618 1642 si-
1640 1609 1771 1653 supe-

234 1681 325 1724 rior
355 1692 379 1724 e
409 1680 526 1724 bello
555 1679 816 1724 decessisset
846 1661 960 1724 teste
992 1678 1259 1733 Herodiano,
1299 1677 1519 1723 destiterit
1557 1679 1613 1724 ab
1642 1681 1774 1726 armis

234 1774 377 1817 neque
406 1761 598 1805 secundo
618 1763 761 1806 Marte
791 1761 1038 1816 perfecerit,
1069 1772 1180 1817 quae
1211 1761 1400 1805 minatus
1429 1765 1538 1805 erat.
1591 1759 1678 1804 Sed
1698 1774 1775 1807 cur

234 1843 315 1888 hoc
346 1843 404 1888 sit
433 1843 608 1898 factum,
636 1842 834 1898 pluribus
866 1855 1040 1887 causam
1070 1841 1199 1887 affert
1227 1843 1526 1898 Herodianus,
1562 1846 1624 1886 ut·
1641 1853 1775 1898 supra

236 1923 505 1968 ostendimus
535 1923 859 1979 praecipueque
889 1935 984 1968 eam
1013 1924 1254 1978 ponendam
1277 1935 1375 1968 esse
1404 1924 1510 1969 dicit
1539 1923 1583 1967 in
1615 1936 1663 1967 re
1687 1925 1772 1980 ,mi-

234 2005 351 2050 litari
382 2006 638 2058 Persarum,
684 2017 771 2059 qua
810 2006 855 2048 in
896 2017 945 2048 re
985 2017 1082 2048 cum
1113 2004 1361 2051 Herodiano
1401 2005 1530 2059 plane
1559 2007 1775 2049 consentit

235 2087 335 2142 Dio,
383 2086 458 2141 qui
489 2086 766 2142 (LXXVIII,
810 2085 900 2139 27.)
943 2085 1099 2139 refert,
1144 2085 1409 2130 Artabanum
1454 2097 1776 2141 praecessorem

235 2168 506 2221 Artaxerxis,
527 2179 788 2223 quamquam
812 2167 1034 2212 victoriam
1054 2168 1110 2211 de
1129 2166 1326 2214 Macri-no
1347 2171 1642 2222 reportasset,
1660 2166 1775 2212 hand

235 2249 414 2294 invitum
447 2260 607 2304 pacem
627 2245 798 2304 iniisse,
833 2249 975 2305 „quod
1006 2248 1165 2294 milites
1201 2250 1296 2294 eius
1327 2261 1380 2293 ex
1408 2248 1540 2304 longa
1568 2249 1776 2304 temporis

235 2342 368 2383 mora,
400 2342 487 2385 quo
515 2326 647 2374 'domo
675 2333 854 2385 praeter
883 2330 1239 2375 consuetudinem
1270 2330 1513 2374 abfuissent
1540 2334 1586 2375 et
1615 2343 1669 2374 ex
1688 2338 1775 2374 'an-

235 2425 373 2457 nonae
404 2411 600 2467 penuria,
632 2423 760 2468 quam
793 2423 934 2467 neque
963 2411 1048 2467 ipsi
1068 2414 1265 2467 paratam
1295 2415 1340 2456 et
1360 2411 1614 2457 instructam
1645 2394 1776 2455 babe-

234 2494 339 2537 bant
358 2517 417 2523 —
438 2506 522 2537 non
554 2493 667 2537 enim
699 2492 930 2548 providere
958 2496 1241 2537 commeatum
1262 2492 1405 2537 solent
1428 2516 1478 2523 —-
1503 2504 1644 2548 neque
1666 2527 1674 2536 .
1700 2525 1709 2535 .
1734 2527 1744 2536 .
1766 2526 1776 2536 .

236 2575 434 2631 (lacunae
474 2575 667 2631 signum)
699 2610 708 2619 .
741 2608 751 2618 .
784 2575 829 2618 in
871 2574 1058 2620 castellis
1100 2587 1197 2620 esse
1236 2578 1545 2630 cognoverant,
1586 2574 1778 2629 graviter

380 2750 407 2793 ¹)
432 2749 475 2783 In
499 2748 606 2785 Alex.
631 2760 662 2784 c.
687 2750 745 2784 59.
