2003 3070
941 103 970 149 6

189 245 476 288 marmoribus
507 247 664 298 solum,
702 241 1018 289 verumetiam
1060 258 1113 289 ex
1143 246 1235 289 eius
1265 245 1572 290 constitutione
1602 244 1715 300 (cod.

187 326 243 380 H,
275 325 339 368 tit.
365 327 402 380 1,
432 324 471 381 S.
494 327 566 381 8):
603 329 673 378 „et
693 337 804 380 quae
825 337 852 369 a
871 327 971 370 divo
990 328 1219 380 Antonino,
1250 330 1375 382 patre
1398 338 1507 380 meo,
1538 330 1583 370 et
1604 338 1715 382 quae

188 419 216 450 a
245 419 312 450 me
342 408 557 462 rescripta
586 405 714 450 sunt³
747 410 827 451 etc.
858 407 1005 463 liquet,
1036 408 1177 463 ipsum
1206 407 1340 452 filium
1370 409 1574 453 Antonini
1604 408 1714 464 (scil.

189 487 456 541 caracallae)
501 487 649 538 haberi
695 487 896 532 voluisse.
956 489 1109 543 Itaque
1154 500 1207 532 ex
1241 489 1432 533 moribus
1474 488 1591 533 illius
1620 489 1714 533 aevi

188 579 340 611 nomen
379 568 460 612 sibi
499 569 703 624 imposuit
739 571 809 614 avi
851 571 919 613 vel
958 571 1103 624 potius
1146 570 1303 625 patris,
1347 571 1383 613 si
1425 555 1621 625 quidem,
1667 574 1717 614 ut

188 645 421 692 Eckhelius
463 648 509 705 (l.
539 650 566 693 l.
597 663 638 704 p.
671 648 775 704 221)
812 649 1019 705 affirmat,
1066 650 1315 695 caracallae
1355 663 1525 706 quoque
1563 662 1714 707 nomen

187 729 269 773 tuit
300 728 497 775 Severus.
559 731 693 785 Adde,
725 731 840 786 quod
870 731 1085 786 ingentem
1117 744 1302 786 rigorem
1322 732 1452 775 animi
1476 735 1527 777 -et
1556 732 1715 776 miran-

187 810 285 855 dam
306 811 656 869 singularemque
676 803 827 858 contra
847 812 1028 857 militum
1048 814 1214 857 animos
1235 813 1532 868 constantiam,
1563 822 1713 870 quam·

188 894 336 937 obrem
368 894 518 938 Severi
549 906 704 938 nomen
733 895 984 950 imperatori
1015 908 1041 939 a
1071 893 1278 939 militibus
1300 895 1447 939 datum
1469 907 1566 940 esse
1585 894 1713 938 Lam-

187 974 354 1029 pridius
392 976 549 1030 refert,
588 977 631 1019 in
670 976 915 1020 Alexandro
952 989 1131 1031 prorsus
1171 976 1489 1033 desideramus,
1525 982 1574 1022 ut
1603 977 1714 1021 infra

186 1055 362 1110 planum
392 1056 477 1101 fiet.
538 1058 692 1112 Itaque
722 1069 808 1100 non
840 1057 1017 1100 dubium
1047 1056 1240 1111 videtur,
1278 1059 1381 1113 quin
1420 1058 1588 1102 duobus
1618 1058 1713 1101 istis

187 1137 291 1180 locis
323 1149 460 1192 nugas
491 1142 595 1193 agat
625 1136 913 1193 Lampridiu8‚
945 1142 995 1181 ut
1023 1150 1156 1192 saepe
1184 1138 1224 1182 ei
1254 1139 1478 1194 contingit.

327 1219 618 1263 Alexandrum
649 1231 818 1275 quoque
849 1218 1096 1263 Caracallae
1125 1217 1258 1263 filium
1289 1231 1384 1264 esse
1415 1218 1619 1275 habitum,
1655 1220 1714 1264 si-

188 1304 260 1343 cut
290 1300 592 1344 consobrinum
623 1302 716 1345 eius
739 1300 1042 1355 Elagabalum,
1073 1301 1161 1344 iam
1180 1310 1313 1356 supra
1343 1291 1506 1346 dictum
1537 1305 1617 1356 est,
1646 1301 1713 1345 id-

186 1393 270 1437 que
308 1380 523 1426 affirmant
556 1381 638 1426 Dio
677 1378 894 1438 (LXXIX,
938 1383 1014 1438 19)
1052 1389 1097 1428 et
1133 1381 1404 1428 Herodianus
1442 1382 1521 1438 (V,
1563 1383 1611 1437 7,
1651 1382 1714 1439 5).

187 1463 312 1516 Quod
343 1464 514 1518 quidem
546 1463 651 1505 nihil
680 1462 797 1507 aliud
828 1472 926 1507 esse
956 1463 1038 1507 nisi
1067 1463 1289 1507 inventum
1319 1477 1346 1508 a
1365 1463 1527 1517 Maesa,
1560 1463 1715 1508 callida

187 1543 261 1587 illa
290 1543 479 1599 agilique
516 1543 720 1598 muliere,
759 1557 842 1599 quo
883 1544 1053 1588 facilius
1090 1548 1270 1599 nepotes
1311 1545 1542 1600 imperium
1576 1544 1714 1599 adipi-

186 1628 425 1677 scerentur,
457 1625 679 1688 evidenter
708 1628 893 1680 apparet
922 1637 975 1669 ex
1004 1625 1155 1668 Dionis
1183 1625 1278 1669 loco
1307 1624 1497 1679 laudato,
1529 1625 1600 1669 ubi
1631 1625 1713 1669 Dio

186 1705 347 1750 diserte
379 1711 542 1760 narrat,
573 1706 764 1750 Maesam
794 1705 909 1750 haud
938 1710 1156 1761 ignaram,
1195 1718 1321 1761 quem
1352 1708 1511 1750 exitum
1541 1706 1712 1750 habitu-

185 1799 260 1830 rus
305 1791 421 1831 esset
457 1787 720 1842 Elagabalus
762 1788 816 1831 ob
863 1788 1079 1842 ingentem
1116 1788 1247 1831 animi
1276 1786 1542 1842 vecordiam,
1587 1787 1712 1842 hunc,
1766 1815 1770 1819 -

185 1873 234 1912 ut
265 1870 339 1923 qui
370 1868 543 1913 minime
584 1882 637 1912 ex
667 1868 889 1913 Caracalla
927 1868 1098 1924 genitus
1129 1874 1262 1923 esset,
1301 1868 1545 1912 deseruisse
1585 1872 1629 1912 et
1658 1868 1713 1912 ad

185 1950 496 2004 Alexandrum,
533 1954 752 2006 tamquam
783 1962 885 1995 vere
921 1960 974 1994 ex
1004 1949 1077 1994 illo
1108 1953 1271 2006 ortum,
1311 1950 1634 2005 propensiorem
1665 1961 1713 1993 se

184 2031 469 2086 praestitisse.
529 2031 666 2075 Nemo
704 2033 815 2075 enim
853 2031 1003 2093 humili
1039 2032 1133 2075 loco
1173 2035 1301 2075 natus
1337 2023 1519 2085 imperio
1550 2029 1712 2084 potitus

156 2118 280 2158 cerat
309 2115 516 2166 Romane,
548 2117 729 2169 excepto
758 2113 944 2159 fortasse
973 2114 1187 2168 Macrino,
1229 2114 1299 2157 oui
1335 2112 1596 2168 Elagabalus
1634 2125 1711 2168 op-

182 2194 361 2250 probrio
390 2194 533 2249 vertit,
554 2194 587 2250 ¹)
619 2194 734 2250 quod
766 2200 1025 2252 quamquam
1063 2197 1178 2239 esset
1214 2193 1267 2240 de
1298 2193 1446 2250 plebe,
1486 2193 1711 2250 imperium

182 2276 441 2320 affectasset.
504 2276 616 2329 Quid
648 2277 781 2330 igitur
810 2277 978 2329 mirum,
1020 2276 1134 2331 quod
1164 2276 1313 2324 Maesa
1342 2258 1712 2330 praeclarissimae

182 2357 297 2401 filiae
327 2355 481 2401 famam
514 2341 734 2415 negligens
764 2357 809 2402 id
839 2356 1111 2413 potissimum
1139 2358 1362 2412 spectavit,
1393 2359 1443 2400 ut
1471 2351 1713 2401 Alexander

184 2449 374 2495 quoque,
422 2451 508 2495 quo
538 2438 704 2484 facilius
735 2441 972 2495 imperator
1006 2438 1150 2492 fieret,
1197 2437 1443 2484 caracallae
1472 2436 1586 2481 filius
1617 2448 1711 2482 esse

182 2521 418 2565 videretur.
479 2522 636 2577 Itaque
664 2526 709 2566 et
737 2522 832 2580 ipse
862 2521 1104 2585 Alexander
1138 2520 1272 2564 filium
1301 2531 1348 2564 se
1378 2520 1478 2563 tulit
1509 2518 1711 2572 Caracal-

182 2602 262 2658 lae,
293 2606 343 2646 ut
374 2614 427 2646 ex
457 2603 766 2648 constitutione
797 2602 890 2646 eius
922 2613 1055 2657 supra
1083 2600 1260 2646 laudata
1285 2604 1330 2646 et
1359 2598 1710 2655 inscriptionibus

324 2776 353 2825 ι)
378 2774 431 2813 cf.
454 2775 525 2813 Dio
548 2775 710 2823 Lm,
737 2777 768 2813 1.
