2003 3070
964 88 995 133 4

209 228 483 283 Lampridius
521 228 580 283 (in
614 228 732 273 Alex.
764 242 800 273 c.
833 229 878 285 1)
918 229 1150 275 Alexandri
1191 234 1359 285 patrem
1398 230 1532 277 fuisse
1563 223 1738 276 Varium

209 313 523 362 commemorat,
555 312 599 354 et
619 308 900 373 casaubonus
920 309 953 365 ¹)
974 322 1058 355 non
1085 312 1179 356 leve
1210 315 1509 367 argumentum
1540 325 1635 357 esse
1665 324 1737 357 ra-

139 427 142 433 .
210 395 301 445 tus,
332 391 446 447 quod
476 391 548 435 ille
579 380 747 446 patrem
778 391 955 436 Varium
985 394 1201 447 nominat,
1237 393 1345 439 hanc
1375 394 1631 439 sententiam
1662 394 1737 439 de-

209 473 464 518 fendendam
495 473 687 528 suscepit
717 477 868 518 contra
899 486 969 528 ea,
1001 486 1112 529 quae
1141 475 1236 531 ipse
1266 476 1502 531 scripserat
1531 477 1575 520 in
1604 488 1736 520 anno-

208 556 372 599 tatione
418 555 472 598 ad
518 553 736 608 Lamprid.
781 554 905 609 Elag.
949 555 1004 611 (c.
1037 557 1058 598 1
1093 557 1236 609 extu).
1299 555 1385 599 Sed
1429 557 1737 611 amplissimum

206 638 345 681 virum
375 636 539 681 refutat
570 637 797 681 Reimarus
829 636 883 680 ad
915 635 1095 680 Dionem
1126 636 1171 692 (l.
1201 634 1249 692 l.)
1280 641 1599 693 argumentans,
1643 638 1736 683 lau-

207 718 355 761 datum
387 718 538 761 Dionis
571 718 724 769 locum,
755 728 880 772 quem
912 716 985 760 ille
1015 717 1069 761 ab
1100 721 1278 762 auctore
1309 723 1608 774 excerptorum
1639 732 1735 763 esse

207 803 344 854 putat,
375 798 677 842 intemeratum
709 798 845 852 ipsius
867 798 1018 842 Dionis
1049 810 1146 843 esse
1177 812 1227 844 ex
1249 780 1498 845 membrana
1527 802 1733 845 vetustis-

205 882 326 924 sima.
376 881 505 924 Dioni
529 883 686 934 autem,
716 880 908 924 eiusdem
938 882 1144 936 temporis
1172 882 1389 937 scriptori,
1419 882 1623 926 maiorem
1654 882 1733 927 h'ac

205 964 248 1006 in
280 975 327 1006 re
358 961 485 1006 fidem
516 961 755 1006 habendam
788 974 885 1008 esse
917 964 1013 1018 quis
1044 975 1129 1007 non
1150 963 1296 1008 videt?
1327 965 1580 1018 praesertim
1603 977 1733 1020 quum

204 1044 441 1099 Elagabalo
472 1056 707 1098 cognomen
739 1043 873 1088 fuisse
893 1045 1025 1089 Vario
1057 1048 1226 1089 constet
1255 1046 1489 1090 secundum
1516 1045 1732 1101 Lamprid.

205 1126 260 1177 (c.
286 1127 323 1171 1.
355 1130 400 1169 et
430 1126 491 1181 2),
523 1124 636 1181 quod
663 1137 896 1180 cognomen
928 1139 981 1169 ex
1011 1126 1201 1170 moribus
1233 1126 1327 1170 aevi
1348 1126 1532 1171 fortasse
1553 1141 1579 1172 a
1609 1132 1733 1183 patre

202 1210 257 1254 ad
289 1207 419 1251 filium
452 1206 697 1251 transierat.
756 1207 909 1262 Itaque
940 1220 1023 1251 non
1055 1208 1232 1251 dubium
1257 1209 1442 1263 videtur,
1474 1210 1576 1263 quin
1606 1210 1732 1253 Lam·
1814 1228 1818 1232 -
1900 1218 1909 1229 ³

124 1314 127 1320 ι
203 1290 393 1346 pridias,
435 1289 509 1345 qui
547 1301 677 1343 saepe
714 1289 768 1332 de
808 1292 1034 1333 stemmate
1066 1289 1296 1335 Alexandri
1337 1302 1514 1335 securus
1555 1290 1610 1334 ad
1640 1290 1731 1335 eius

203 1374 338 1416 vitam
369 1369 693 1415 describendam
723 1372 920 1425 accessit,
951 1371 1006 1414 de
1032 1369 1251 1415 Mamaeae
1281 1371 1436 1415 marito
1454 1373 1510 1417 .in
1541 1384 1730 1415 errorem

202 1453 413 1498 inciderit.
444 1476 503 1483 —
532 1451 668 1495 Miror
697 1456 840 1496 autem
872 1453 1111 1508 admodum,
1143 1453 1358 1508 quomodo
1389 1452 1586 1511 Valesius
1616 1454 1731 1508 apud

203 1535 387 1579 Reimar.
418 1533 474 1579 ad
493 1533 675 1577 Dionem
706 1532 921 1590 (LXXIX,
954 1532 1028 1589 16)
1060 1533 1203 1579 dicere
1226 1534 1431 1589 potuerit,
1465 1534 1730 1590 „naturalem

203 1615 437 1660 Alexandri
486 1618 656 1669 patrem
705 1614 935 1669 ignorari.“
998 1616 1270 1660 Herodianus
1319 1615 1455 1661 refert
1494 1616 1574 1671 (V,
1603 1617 1651 1668 3,
1683 1613 1729 1670 7)

203 1696 468 1743 Soaemiadis
498 1695 633 1740 filium
663 1694 797 1739 fuisse
827 1696 1083 1740 Bassianum
1114 1696 1302 1752 nomine,
1336 1695 1556 1757 Mamaeae
1585 1699 1730 1741 autem

201 1778 472 1833 Alexianum,
520 1790 606 1832 qua
642 1778 686 1820 in
723 1790 771 1822 re
806 1777 933 1832 plane
971 1778 1172 1822 dissentit
1211 1791 1237 1822 a
1277 1779 1436 1832 Dione,
1475 1779 1549 1833 qui
1578 1782 1730 1821 narrat

200 1860 457 1919 (LXXVIII,
486 1859 565 1916 30)
597 1871 650 1903 ex
671 1859 921 1904 Soaemiade
951 1863 1099 1905 natum
1130 1873 1226 1905 esse
1256 1860 1443 1914 Avitum,
1475 1858 1729 1904 Bassianum

201 1956 254 1988 ex
284 1942 494 1987 Mamaea.
557 1940 804 1985 Herodiano
834 1943 1038 1985 assentiri
1078 1942 1249 1986 videtur
1277 1941 1356 1985 Iul.
1388 1940 1653 1996 Capitolinus
1685 1941 1728 1983 in

200 2024 393 2069 Macrino
432 2023 487 2079 (c.
518 2023 566 2078 9)
604 2022 672 2066 his
710 2021 873 2067 verbis:
917 2024 1053 2075 „Huic
1085 2022 1196 2078 (scil.
1226 2023 1417 2078 Maesae)
1455 2026 1580 2066 erant
1617 2023 1728 2066 duae

199 2105 326 2162 filiae,
358 2103 614 2151 Semiamira
643 2107 688 2148 et
715 2105 924 2160 Mamaea,
956 2116 1141 2161 quarum
1159 2104 1311 2149 maiori
1331 2104 1445 2149 filius
1465 2106 1562 2149 erat
1581 2103 1726 2149 Helio-

199 2188 393 2244 gabalus,
427 2186 501 2242 qui
530 2190 575 2231 et
609 2185 856 2239 „Bassiani“
891 2191 936 2230 et
956 2187 1159 2230 Antonini
1189 2199 1342 2230 nomen
1372 2185 1579 2241 accepit.“
1642 2186 1727 2230 Res

199 2270 386 2315 fortasse
416 2271 480 2313 ita
509 2260 785 2313 diiudicanda
814 2268 1010 2321 videtur,
1048 2272 1098 2312 ut
1127 2272 1172 2313 et
1201 2268 1437 2323 Elagabalo
1469 2272 1512 2314 et
1543 2268 1726 2312 Alexan-

200 2351 279 2395 dro
320 2362 552 2405 cognomen
589 2348 721 2393 fuerit
755 2348 1011 2404 Bassianus,
1058 2349 1148 2392 sive
1193 2350 1367 2405 utrique
1413 2362 1465 2393 ex
1505 2348 1728 2393 Caracalla

197 2432 423 2487 Bassiano,
455 2431 530 2487 qui
559 2435 686 2486 pater
709 2430 1037 2474 existimabatur
1056 2431 1293 2485 amborum,
1311 2429 1350 2487 ²)
1380 2431 1472 2474 sive
1503 2443 1556 2474 ex
1584 2429 1726 2484 gentis

340 2630 370 2677 ¹)
395 2628 551 2665 Casaub.
575 2627 633 2666 ad.
656 2626 838 2673 Lamprid.
865 2626 887 2663 l.
913 2627 937 2664 l.
960 2627 997 2663 in
1022 2637 1050 2664 s.
1074 2626 1131 2664 ed.
1157 2627 1322 2673 scriptor.
1346 2627 1471 2664 histor.
1495 2628 1588 2673 Aug.
1629 2627 1725 2673 Lug-

198 2700 285 2738 duni
308 2699 432 2736 Batav.
458 2699 558 2736 1671.

337 2769 368 2815 ·)
391 2768 585 2805 Herodian.
610 2767 651 2814 V,
675 2769 708 2814 7,
731 2769 765 2805 5.
