2003 3070
938 78 997 128 2³

202 222 398 277 elegisse,
430 221 688 278 quibuscum
716 233 786 267 res
806 222 1179 269 administrandus
1211 232 1376 267 omnes
1389 221 1732 270 communicaret.

201 305 336 349 Plane
364 306 459 348 cum
488 304 799 347 Dionetse‘ntit·
816 303 1114 357 Herodianus,
1145 304 1222 358 qui
1251 304 1526 348 consiliarios·
1539 305 1733 349 sedecim

202 396 388 429 numero
411 383 546 428 fuisse
564 384 702 436 addit
718 383 822 439 (VI,
859 384 915 440 Ι).
975 385 1193 430 Eandem*
1209 396 1299 429 rem
1327 385 1732 441 attingit'bampri-

200 467 298 511 dius
327 466 370 509 in
404 466 647 511 Alexandro
676 465 734 521 (c.
768 466 862 520 15):
909 462 1110 521 &negotia
1133 470 1198 511 *et*
1230 466 1539 522 causas-prius
1568 449 1732 513 wseri'-

202 550 371 593 niorum
402 547 671 603 principibus
701 552 746 594 et
775 545 1037 594 doctissimis
1066 549 1175 593 iuris
1206 548 1411 603 >peritias
1428 557 1612 605 quorum
1642 548 1731 605 pri·

202 643 297 675 mus
328 636 432 674 tunc
463 629 676 685 Ulpianus
707 629 802 684 fuit,
834 630 1013 676 tractari
1044 617 1321 685 ordinarique
1341 625 1482 686 'atque
1497 631 1561 675 ita
1580 630 1733 676 referri

202 713 257 756 ad
289 724 336 755 se
368 713 628 766 praecepit.“
693 712 898 767 Idemque
939 711 1097 756 ibidem
1129 712 1184 767 (c.
1221 712 1316 779 lejz
1360 711 1526 768 „Leges
1556 711 1610 755 de
1638 712 1734 757 iure

203 796 352 849 populi
384 798 428 838 et
457 792 549 837 fisci
581 793 826 838 moderatas
857 799 901 839 et
930 794 1117 839 infinitas
1138 796 1281 839 sanxit
1309 805 1450 850 neque
1484 793 1612 838 ullam
1633 806 1734 838 con·

203 876 472 921 stitutionem
512 874 700 920 secravit
742 875 834 920 sine
875 875 1029 932 viginti
1066 875 1174 920 iuris
1195 874 1368 931 peritis
1388 874 1733 920 ‘et'doctissimis

202 971 252 1002 ac
281 956 550 1012 sapientibus
582 956 686 1000 viris
717 957 957 1012 iisdemque
997 957 1293 1001 disertissimis
1326 969 1409 1001 uon
1441 958 1579 1001 minus
1609 958 1733 1013 quin·

204 1040 434 1096 quaginta,
468 1043 515 1081 ut
546 1050 630 1081 non
662 1039 803 1082 minus
833 1039 878 1083 in
911 1038 1089 1083 consilio
1112 1041 1268 1083 ‘essent
1290 1035 1565 1093 sententiae,
1606 1050 1734 1093 quam

202 1125 379 1166 senatus
410 1119 650 1165 consultum
683 1119 913 1165 facerent.“
946 1144 1006 1150 ——
1042 1120 1303 1165 Octavianus
1333 1112 1587 1176 Augustus‚'
1609 1120 1734 1164 simul

203 1217 254 1249 ac
285 1215 430 1247 rerum
462 1201 628 1257 potitus
659 1205 740 1255 est,
773 1201 1073 1246 excellentium
1104 1202 1296 1246 virorum
1317 1202 1540 1247 consiiium
1571 1202 1734 1259 primus

202 1287 364 1329 Romae
393 1283 476 1326 sibi
507 1282 709 1336 instituit,
740 1283 784 1325 in
815 1295 900 1338 quo
932 1283 986 1326 de
1007 1283 1136 1327 rebus
1157 1283 1510 1328 administrandis
1530 1283 1735 1340 ageretur

202 1364 448 1412 testimonio
480 1364 630 1408 Dionis
662 1365 795 1419 (LIII,
825 1365 914 1418 21).
968 1364 1184 1419 Principio
1215 1365 1387 1421 quidem
1418 1369 1596 1410 auctore
1627 1367 1733 1410 Sue-

202 1448 320 1492 tonio
366 1445 410 1491 in
451 1446 689 1491 Octaviano
735 1444 831 1500 (35)
874 1445 955 1490 hoo
1001 1446 1222 1491 eonsilium
1273 1447 1444 1491 videtur
1485 1447 1734 1491 institutum

201 1527 349 1582 fuisse,
381 1530 431 1571 ut
460 1527 515 1571 de
535 1526 731 1583 ⁴negotiis
763 1527 817 1572 ad
841 1532 1038 1573 senatum
1063 1526 1303 1572 referendis
1325 1531 1427 1571 ante
1447 1516 1734 1583 tractaretur3

202 1614 470 1665 quapropter
500 1609 687 1652 fortasse
718 1610 1048 1653 existimandum
1080 1610 1273 1663 videtur,
1313 1610 1457 1663 primo'
1483 1609 1564 1652 boc
1594 1613 1735 1652 consi-

200 1691 317 1736 lium
334 1692 500 1736 maiore
536 1702 588 1736 ex
624 1693 749 1746 parte
780 1690 1028 1736 constitisse
1068 1704 1120 1737 ex
1135 1699 1141 1703 ’
1156 1691 1262 1747 ipsis
1293 1689 1566 1752 senatoribus
1596 1690 1735 1746 iisque

202 1774 385 1829 quidem·
408 1772 813 1827 praestantioribus.
876 1772 962 1816 Sed
994 1775 1236 1828 Augustum
1267 1774 1350 1816 iam
1382 1784 1466 1815 non
1498 1772 1552 1815 de
1582 1777 1734 1815 senatu

202 1855 354 1909 solum,
389 1866 535 1898 verum
568 1853 695 1898 etiam
728 1853 782 1898 de
812 1854 1029 1910 equitibus
1060 1854 1327 1900 consiliarios
1358 1854 1441 1899 sibi
1471 1853 1650 1910 selegit,
1687 1858 1737 1898 ut

201 1936 498 1979 Maecenatem
528 1934 742 1989 aliosque,
784 1938 829 1977 et
870 1933 1017 1978 omn'es
1054 1934 1155 1979 dicti
1197 1939 1298 1978 sunt
1328 1935 1451 1979 amici
1482 1938 1527 1978 et
1556 1934 1734 1978 comites

200 2017 407 2072 Augusti;
440 2015 543 2070 quin
562 2016 693 2060 etiam
715 2014 891 2060 infitiari
912 2022 1000 2062 nou
1020 2028 1260 2071 possumus,
1292 2015 1589 2063 Maecenatem
1615 2015 1733 2060 illum

200 2098 255 2142 ab
277 2154 282 2161 ,
301 2097 446 2154 equite
492 2098 729 2142 oriundum
759 2097 999 2153 principem
1034 2098 1078 2142 in
1118 2097 1200 2160 hoc
1243 2097 1421 2152 consilio
1451 2097 1594 2142 locum·
1622 2097 1734 2142 obti-

200 2183 361 2226 nuisse.
423 2179 518 2223 Non
548 2180 612 2224 ita
644 2179 778 2224 multo
810 2184 911 2235 post
929 2166 1063 2235 quum
1083 2174 1347 2235 reipublicae
1368 2167 1573 2225 instituta
1592 2164 1733 2234 dig³ni=

201 2266 401 2320 tatesque
431 2262 572 2317 magis
599 2260 825 2317 mgisque
854 2259 1152 2317 abolerentur:
1170 2260 1338 2313 factum
1358 2260 1469 2316 ests·
1486 2264 1536 2304 ut
1566 2260 1734 2306 consilii

199 2344 315 2390 illius
353 2344 533 2389 decreta
571 2344 625 2388 ad
664 2343 935 2399 frequentem
978 2347 1172 2388 senatum
1212 2343 1297 2387 iam
1335 2355 1420 2387 non
1439 2342 1732 2406 referrentur,

200 2426 256 2469 ad
296 2437 424 2479 quam
462 2436 553 2468 rem
592 2422 697 2468 illud
739 2423 783 2468 in
811 2416 967 2469 'codiee
1003 2424 1217 2469 TheodoS.
1247 2413 1360 2481 (VI,
1398 2424 1468 2468 22.
1509 2425 1550 2468 8.
1587 2422 1628 2479 S.
1664 2423 1732 2480 13:

204 2506 399 2560 „admitti
445 2508 561 2551 intra
605 2506 851 2551 consistorii
892 2505 1123 2551 arcanum“
1171 2505 1344 2550 videtur
1375 2504 1678 2550 referendum.
1699 2503 1733 2560 ¹)

319 2703 322 2706 ⁴
344 2695 371 2741 ⁸)
396 2694 448 2731 Cf.
473 2694 542 2730 Die
566 2692 790 2730 roemischen
813 2692 1194 2730 Staatsalterthuemer
1216 2703 1285 2729 von
1301 2692 1442 2729 Becker
1458 2703 1492 2729 u.
1508 2691 1733 2737 Marquardt.

200 2764 347 2810 Leipzig
374 2764 475 2800 1845.
500 2766 533 2801 2.
558 2763 626 2800 Th.
650 2764 684 2799 3.
708 2762 868 2798 Abtheil.
893 2773 928 2808 p.
954 2762 1026 2798 280
1048 2773 1083 2797 u.
1108 2763 1132 2799 f.
1341 2766 1343 2769 '
1529 2765 1533 2767 ”
