2003 3070
670 742 1114 858 'Indexl

160 1150 339 1187 Praefatio
629 1179 639 1188 .
734 1179 743 1188 .
838 1179 847 1188 .
942 1178 951 1187 .
1045 1179 1053 1187 .
1667 1148 1681 1183 Ι

246 1220 273 1258 L
297 1220 354 1256 De
378 1230 480 1262 anno,
505 1229 576 1265 quo
600 1219 807 1257 Alexmder
829 1224 936 1256 natus
960 1220 1007 1255 sit
1038 1247 1047 1256 .
1141 1245 1152 1256 .
1244 1245 1254 1254 .
1349 1244 1358 1253 .
1451 1245 1460 1254 .
1556 1245 1565 1254 .
1664 1221 1679 1252 ι

229 1290 276 1327 ΙΙ.
301 1289 356 1325 De
380 1289 491 1335 stirpe
515 1289 711 1324 Alexandri
734 1289 883 1334 eiusque
905 1289 1110 1325 nominibus
1140 1317 1150 1327 .
1660 1290 1684 1326 3

218 1359 280 1395 ΠΙ.
303 1358 498 1394 Alexandri
523 1357 643 1394 Severi
667 1358 749 1404 vita,
773 1358 982 1403 priusquam
1005 1358 1192 1404 imperium
1216 1361 1343 1393 nactus
1367 1362 1422 1393 est
1451 1385 1462 1394 .

218 1429 276 1466 IV.
301 1429 453 1475 Quando
477 1428 683 1464 Alexander
706 1428 895 1474 imperium
919 1428 1072 1474 adeptus
1097 1428 1144 1465 sit
1640 1431 1657 1464 1

237 1500 278 1536 V.
302 1499 358 1535 De
381 1498 579 1534 Alexandri
602 1498 741 1544 imperii
772 1498 947 1544 principio
1040 1526 1050 1536 .
1143 1527 1153 1536 .
1246 1524 1258 1534 .
1352 1526 1361 1535 .
1454 1526 1465 1536 .
1558 1526 1568 1536 .
1638 1501 1660 1534 2

220 1569 280 1605 VI.
303 1569 359 1603 De
387 1567 585 1603 Alexandri
616 1568 789 1613 principis
819 1568 984 1614 consilio,
1016 1579 1088 1613 quo
1125 1568 1293 1604 utebatur
1316 1568 1353 1603 in
1383 1567 1570 1613 republica

300 1638 583 1673 administranda
626 1665 636 1673 .
729 1664 739 1673 .
832 1665 842 1674 .
936 1665 946 1674 .
1039 1666 1048 1674 .
1139 1632 1153 1675 Χ.
1247 1665 1256 1675 .
1332 1666 1360 1675 -.
1455 1666 1464 1675 .
1558 1667 1567 1676 .
1638 1639 1684 1674 23

201 1707 275 1743 VH.
299 1706 495 1742 Alexandri
517 1706 651 1742 bellum
675 1710 803 1742 eontra
824 1706 954 1744 Persas
977 1711 1117 1751 gestum
1142 1735 1151 1744 .
1246 1736 1255 1744 .
1350 1736 1359 1743 .
1454 1735 1463 1744 .
1558 1735 1567 1744 .
1637 1709 1684 1743 27

178 1778 272 1815 vm„
295 1777 351 1813 De
375 1776 573 1813 Alexandri
596 1776 691 1812 bello
716 1776 927 1813 Germanico
1036 1805 1045 1813 .
1140 1805 1151 1815 .
1247 1805 1255 1813 .
1350 1805 1360 1814 .
1456 1804 1465 1813 .
1559 1805 1568 1814 .
1639 1777 1686 1813 54

164 1846 382 1893 Corrigenda
418 1874 427 1883 .
521 1873 531 1883 .
626 1853 635 1884 ’.
730 1874 738 1883 .
833 1873 842 1883 .
893 1863 896 1867 -
936 1874 946 1883 .
1041 1874 1051 1884 .
1145 1874 1154 1883 .
1248 1874 1258 1883 .
1352 1874 1362 1884 .
1456 1874 1465 1883 .
1559 1875 1569 1884 .
1640 1847 1685 1882 62
