2003 3070
958 89 1017 134 20

217 230 377 274 mensis
408 229 554 274 Martii
585 228 685 273 anni
708 228 795 273 222
820 231 871 283 et
884 228 1174 275 Alexandrum
1204 230 1289 274 iam
1319 229 1601 298 imperantem
1631 230 1748 277 facit.

217 310 303 356 Sed
335 311 450 355 inter
479 321 643 354 omnes
657 313 851 368 constat,
892 310 934 353 in
972 309 1248 368 chronologia
1276 295 1418 366 legum
1448 312 1748 367 auctoritatem

215 394 389 437 minime
420 391 586 445 valere3
629 395 674 435 et
705 404 857 447 reapse
897 392 983 436 alia
1017 395 1160 436 exstat
1190 391 1268 435 lex
1289 392 1392 437 data
1420 388 1492 438 ab
1507 378 1748 440 Alexandro

215 473 285 517 die
316 473 391 517 ΠΙ.
424 472 583 516 mensis
613 463 864 528 Februarii,
904 455 1026 518 cuius
1056 474 1360 519 auctoritatem
1392 478 1438 519 et
1463 474 1558 530 ,ipse
1587 474 1747 530 Pagius

212 557 473 609 aspernatur
492 552 542 610 ¹).

353 637 505 690 Neque
536 634 686 678 Dionis
726 647 1001 696 numerorum
1040 636 1196 679 rationi
1234 635 1408 682 obstare
1439 635 1747 709 Lampridium,

212 715 485 772 Eutropium,
516 716 748 773 Victorem,
779 716 1006 773 Elagabali
1035 716 1216 773 imperio
1246 717 1319 763 vix
1348 702 1578 762 triennium
1609 717 1746 773 assig-

213 803 390 854 nantes,
428 798 595 842 diserte
634 798 760 841 docet
789 797 1045 843 Valsechius
1087 797 1219 852 (1.1.)
1258 798 1611 853 demonstrando,
1651 798 1746 842 illos

210 880 266 922 ad
299 884 469 934 tempus
501 882 667 923 tantum
699 880 959 934 respexisse,
1000 892 1086 934 quo
1117 880 1277 924 Romae
1318 885 1508 924 moratus
1547 883 1613 923 est
1645 879 1746 923 Ela-

211 961 406 1016 gabalus.
466 959 675 1015 Namque,
708 964 756 1004 ut
787 971 935 1004 omnes
952 953 1235 1005 ‘consentiunt
1265 963 1480 1015 auctoreS,
1511 959 1583 1005 ille
1614 961 1746 1016 impe-

212 1043 323 1086 rinm
365 1046 518 1086 nactus
558 1053 641 1084 non
681 1042 829 1084 statim
852 1040 1045 1091 ,Romam
1087 1045 1154 1083 est
1195 1040 1436 1095 profectus,
1476 1042 1552 1085 sed
1591 1041 1665 1084 diu
1705 1041 1747 1083 in

210 1125 314 1167 Asia
358 1126 564 1167 moratus
639 1121 767 1167 Mitto
811 1119 893 1165 hoo
940 1120 1040 1166 loco.
1085 1121 1322 1177 scriptores
1368 1121 1626 1177 Byzantios,
1672 1123 1747 1177 qui

210 1188 424 1257 dicuntur,
456 1204 530 1259 qui
561 1214 692 1259 saepe
722 1202 1033 1258 imperatorum
1070 1201 1360 1247 Romanorum
1399 1214 1536 1247 annos
1567 1202 1745 1246 confun-

201 1288 318 1332 dunt
349 1287 391 1330 in
424 1287 562 1342 iisque
602 1284 830 1339 falluntur,
871 1284 990 1329 velut
1030 1284 1253 1328 Cedrenus
1269 1284 1306 1341 ²)
1348 1284 1518 1341 quidem
1554 1284 1746 1329 Macrino

210 1374 307 1413 octo
348 1368 518 1423 imperii
556 1378 691 1409 annos
722 1367 938 1420 assignat,
982 1378 1114 1420 quum
1154 1366 1225 1410 ille
1255 1378 1412 1408 annum
1445 1366 1667 1411 dumtaxat
1696 1378 1745 1408 ac

207 1462 378 1494 menses
408 1450 495 1493 dno
526 1447 806 1503 imperaverit
817 1445 868 1502 ⁸),
900 1432 1088 1501 demptis
1118 1446 1260 1490 tribus
1292 1445 1470 1491 diebus..
1544 1476 1545 1479 η

348 1532 468 1584 Quae
500 1529 643 1573 omnia
672 1540 802 1583 quum
834 1528 896 1572 ita
926 1541 972 1573 se
1003 1527 1214 1580 habeant,
1255 1527 1404 1570 Dionis
1435 1540 1519 1570 non
1550 1526 1743 1571 reiicien-

208 1614 303 1658 dam
337 1625 434 1656 esse
464 1612 769 1656 auctoritatem
809 1622 1066 1664 persuasum
1096 1609 1259 1662 habeo,
1299 1608 1374 1654 sed
1414 1608 1648 1654 secundum
1679 1608 1743 1664 ip-

208 1696 298 1738 sius
329 1694 462 1739 verba
492 1705 623 1747 saepe
653 1687 831 1735 laudata
860 1702 1006 1734 necem
1038 1689 1260 1745 Elagabali
1292 1694 1336 1734 et
1367 1689 1612 1734 inchoatum
1644 1689 1738 1741 Ale-

205 1771 359 1815 xandri
390 1769 616 1825 imperium
647 1772 847 1826 ponenda
876 1772 947 1815 die
978 1771 1051 1815 XI.
1084 1773 1241 1817 mensis
1272 1770 1417 1816 Martii
1448 1772 1547 1815 anni
1583 1771 1683 1815 222.

346 1852 480 1897 Plane
518 1864 682 1896 mecum
723 1854 859 1897 sentit
895 1852 1137 1906 Gibbonus,
1174 1853 1362 1908 scriptor
1398 1851 1470 1897 ille
1505 1853 1741 1907 sagacitate

206 1939 251 1979 et
291 1934 507 1989 gravitate
546 1933 834 1989 clarissimus,
877 1936 951 1991 qui
989 1934 1083 1979 loco
1121 1947 1254 1990 supra
1290 1935 1421 1980 allato
1457 1934 1510 1980 de
1548 1939 1742 1990 tempore
1776 1990 1780 1994 .

204 2016 430 2071 Elagabali
462 2015 578 2061 necis
608 2029 635 2060 a
659 2015 817 2060 'Dionis
848 2017 1110 2060 auctoritate
1131 2016 1303 2060 minime
1324 2016 1610 2070 recedendum
1643 2009 1740 2060 cen-

205 2104 274 2142 set
305 2100 494 2152 itemque
525 2097 813 2152 amplissimus
845 2098 915 2142 ille
947 2098 1026 2151 vir,
1058 2098 1286 2141 Reimarus
1317 2098 1364 2152 (l.
1396 2098 1468 2154 l.]3
1507 2111 1584 2141 nec
1615 2098 1742 2142 aliter

204 2179 408 2235 opinatur
439 2178 737 2223 Tillemontius
768 2179 814 2234 (l.
845 2180 872 2223 l.
903 2179 1025 2226 artic.
1057 2179 1154 2235 111).

347 2260 402 2304 Et
432 2259 626 2316 profecto
667 2260 747 2305 hac
783 2261 827 2305 in
858 2260 1167 2319 re,p1urimum
1206 2273 1284 2316 per
1310 2273 1363 2306 se
1392 2261 1538 2306 valere
1568 2264 1741 2317 oportet

203 2342 355 2387 Dionis
385 2342 705 2387 auctoritatem.
766 2341 936 2388 Etenim
976 2341 1084 2388 vidit
1113 2333 1150 2386 is
1181 2343 1394 2400 scriptor,
1435 2354 1546 2399 quae
1582 2355 1740 2390 memo-

203 2426 295 2469 riae
325 2424 506 2469 tradidit
537 2428 581 2468 et
621 2426 765 2469 omnia
805 2437 851 2469 se
889 2437 1055 2470 summa
1094 2425 1317 2482 diligentia
1356 2426 1608 2481 consignare
1648 2421 1740 2480 ipse

345 2617 373 2668 ²)
398 2621 450 2658 cf.
475 2621 679 2660 Tillemont.
702 2622 726 2660 l.
752 2622 775 2659 l.
799 2625 871 2660 not.
898 2622 945 2658 vl
969 2623 1005 2658 in
1029 2622 1182 2668 Elagab.

343 2692 371 2738 ²)
397 2690 450 2728 Cf.
475 2690 659 2728 Cedrenus
684 2690 742 2730 ed.
767 2691 871 2728 Bonn
894 2702 930 2739 p.
955 2693 1035 2728 449:

342 2764 371 2809 ⁸)
396 2762 452 2798 Gr.
477 2762 547 2797 Dio
571 2762 768 2808 Lxxvm,
792 2764 849 2798 41.
