2003 3070
971 54 1032 107 22

374 192 619 250 Alexandro
663 195 808 253 autem
854 193 928 248 ubi
972 193 1027 257 ad
1064 193 1291 256 imperium
1337 195 1541 253 accessit,
1578 196 1769 253 insignia

232 278 399 319 tantum
447 278 491 319 et
537 286 689 333 nomen
724 261 894 335 imperii
935 280 1098 332 erautr
1131 274 1329 341 Mamaea
1351 279 1516 341 ‚mater
1542 280 1593 326 ,et
1620 276 1769 339 Maesa

234 355 342 408 avia,
375 367 557 413 quarum
589 351 1025 410 potissimum'opera
1055 355 1292 419 imperator
1323 361 1520 414 seruatus
1552 362 1599 415 et
1626 357 1761 418 inipe-⁸

233 437 342 480 rium
384 441 538 481 nactus
576 440 695 490 erat,
737 450 827 500 rem
865 439 1100 482 Romanam
1137 418 1507 495 administrarunt.
1529 437 1562 494 ¹)
1625 439 1763 492 Quum

232 520 377 561 autem
407 518 568 570 Maesa,
600 516 754 562 mulier
785 524 1002 562 extremae
1032 518 1281 571 senectutis,
1315 518 1480 582 nonita
1500 518 1634 566 multo
1663 502 1765 578 post

233 599 346 642 diem
378 598 555 642 obiisset
586 611 852 653 supremum,
885 611 1009 642 omne
1039 600 1263 654 imperium
1294 598 1345 642 ad
1378 600 1615 644 Mamaeam
1646 604 1764 643 tran·

231 680 316 724 siit.
379 680 497 725 Haec
529 680 681 723 mulier
721 680 1012 735 singularibus
1052 680 1249 735 praedita
1290 680 1522 725 virtutibus
1553 681 1635 724 iam
1666 682 1766 727 inde

234 762 289 805 ab
321 763 446 805 initio
477 762 529 804 ids
551 762 820 816 potissimum
853 765 1148 818 spectaverat,
1192 766 1239 805 ut
1279 761 1411 805 filium
1448 774 1574 817 quam
1606 764 1765 826 optime

233 843 449 896 educaret,
482 856 697 898 quumque
729 841 799 886 ille
829 826 1062 907 adoptatus
1084 847 1200 886 esset
1226 842 1280 886 ab
1303 843 1551 897 Elagabalo,
1585 856 1764 897 omnem,

234 928 283 967 ut
320 924 526 977 diximus,
563 923 683 973 dedit
711 935 913 983 operam,
953 936 1007 970 ne
1035 923 1286 977 adolescens
1326 936 1353 974 a
1382 925 1547 975 virtute
1575 924 1630 968 ad
1660 925 1766 970 vitia

232 1005 482 1050 deflecteret
526 1004 762 1060 Elagabali.
835 1003 934 1049 Ubi⁴
961 1009 1102 1049 autem
1151 1005 1392 1049 Alexander
1436 1006 1492 1049 ad
1537 1008 1764 1061 imperium

231 1090 456 1143 promotus
487 1091 568 1140 est,
600 1086 796 1142 Mamaea
826 1087 940 1132 haud
971 1087 1139 1141 ignara,
1177 1092 1283 1143 quot
1314 1093 1589 1144 quantaeque
1619 1089 1764 1135 illece-

232 1169 336 1215 brae
367 1168 688 1215 adolescentulo
721 1173 868 1223 essent
888 1168 1154 1224 imperatori,
1186 1169 1501 1227 maximumque
1523 1183 1618 1216 esse
1648 1172 1764 1225 peri·

234 1253 397 1304 culum,
443 1263 498 1295 ne
537 1250 786 1298 adulatores
826 1262 971 1293 mores
1010 1250 1102 1296 eius
1134 1255 1462 1306 corrumperent
1492 1252 1766 1308 animumque

233 1334 547 1388 depravarent,
579 1332 810 1386 Ulpianum
841 1332 1034 1387 aliosque
1076 1332 1192 1374 viros
1223 1332 1408 1387 optimos
1442 1333 1672 1383 Alexandri
1701 1335 1766 1379 in·

233 1414 376 1463 stituit
406 1417 709 1468 praeceptores
741 1426 880 1469 neque
902 1425 1173 1469 quemquam,
1205 1413 1279 1469 qui
1300 1412 1354 1456 ob
1375 1413 1613 1468 improbam
1635 1415 1767 1461 vitam

233 1497 344 1545 male
372 1495 763 1554 audiebat-solum
794 1495 849 1539 ad
880 1483 1006 1552 illum
1031 1495 1268 1550 procedere
1292 1507 1429 1552 >passa
1460 1478 1540 1540 est‡
1559 1494 1595 1552 ²)
1657 1495 1767 1543 Hinc

231 1577 485 1626 admiranda
515 1581 559 1621 et
589 1577 819 1634 singularis
850 1576 923 1623 illa
953 1576 1185 1621 Alexandri
1215 1576 1443 1632 modestia,
1485 1577 1583 1623 hinc
1624 1577 1767 1639 legum

232 1658 529 1713 observantia,
559 1658 661 1703 hinc
689 1658 902 1713 probitas,
933 1656 1033 1703 hinc
1063 1657 1254 1710 iustitia,
1293 1657 1393 1702 hinc
1423 1657 1692 1721 humanitas,
1723 1659 1766 1707 in

233 1753 417 1797 quarum
447 1739 656 1784 virtutum
687 1739 886 1789 laudibus
907 1738 1070 1787 multus
1091 1741 1158 1783 est
1178 1738 1294 1785 vitae
1314 1740 1407 1788 eius
1427 1739 1628 1795 scriptor,
1660 1753 1766 1796 quo-

231 1836 327 1867 cum
358 1821 486 1877 plane
517 1821 732 1868 consentit
759 1820 1047 1875 Herodianus,
1080 1821 1154 1876 qui
1183 1819 1413 1876 profitetur
1444 1821 1540 1876 (VI,
1569 1822 1633 1878 2),
1665 1821 1766 1867 Ale·

233 1905 446 1948 xandrum
481 1917 561 1959 per
601 1902 803 1948 tredecim
843 1915 978 1946 annos
1016 1915 1143 1957 quam
1182 1902 1364 1947 maxime
1401 1904 1630 1959 imperium
1667 1916 1765 1959 ges·
1806 1964 1809 1968 Ι

233 1986 341 2030 sisse
375 1983 685 2043 ,ἅμέμπτως.“
739 1984 800 2028 Ut
829 1984 911 2028 hoc
944 1996 1075 2033 unum
1105 1984 1150 2028 in
1171 1984 1356 2028 medium
1377 1983 1608 2040 proferam,
1640 1983 1765 2031 Lam-

233 2067 400 2122 pridius
430 2067 475 2109 in
506 2066 625 2110 Alex.
657 2066 712 2120 (c.
744 2065 822 2119 51)
862 2069 1031 2120 narrat,
1052 2119 1055 2121 Ι
1075 2064 1465 2120 praeclarissimum
1505 2065 1611 2108 illud
1641 2065 1766 2110 Chri-

233 2149 494 2202 stianorum:
513 2146 549 2203 ⁸)
584 2147 736 2204 „Quod
759 2145 954 2193 tibisfieri
975 2158 1063 2197 non
1082 2145 1159 2202 vis,
1189 2146 1316 2193 alteri
1347 2159 1400 2193 ne
1430 2145 1626 2202 feceris,“
1659 2148 1767 2195 adeo

235 2229 479 2279 Alexandro
509 2229 756 2288 placuisse,
774 2232 828 2281 vut
857 2234 900 2281 et
931 2228 975 2274 iu
1006 2227 1174 2275 Palatio
1205 2233 1250 2275 et
1279 2229 1322 2273 in
1353 2228 1535 2286 publicis
1564 2228 1768 2285 operibus

232 2306 342 2356 hanc
374 2313 635 2356 sententiam
666 2311 905 2367 praescribi
937 2302 1131 2362 iuberet3
1172 2312 1432 2371 omninoque
1462 2310 1613 2365 multis
1641 2311 1769 2360 Chri-

234 2395 472 2439 stianorum
505 2393 749 2449 praeceptis
780 2397 1008 2448 tantopere
1040 2387 1239 2448 indulsit,
1270 2397 1320 2438 ut
1349 2392 1534 2447 fuerint,
1566 2393 1640 2449 qui
1670 2405 1768 2438 eum

379 2604 407 2647 ¹)
432 2602 627 2638 Herodian.
652 2602 711 2646 VI,
739 2605 780 2647 l.‚
805 2602 874 2637 Dio
899 2602 1046 2644 LXXX,
1073 2603 1103 2637 1.

375 2674 403 2719 ¹)
428 2671 482 2710 Cf.
506 2670 702 2709 Herodian.
727 2671 800 2718 (VI,
827 2672 877 2719 1.)

373 2745 403 2789 ⁹)
430 2743 483 2779 Cf.
507 2743 645 2788 Evang.
670 2743 799 2778 Matth.
825 2744 857 2787 7,
884 2743 939 2779 12.
965 2741 1099 2778 Tobiae
1123 2744 1156 2788 4,
1183 2742 1237 2785 16.
