2003 3070
969 639 1030 693 I.

376 776 468 846 De
515 797 700 860 anne,
746 796 864 867 quo
905 773 1251 844 Alexander
1295 779 1476 845 natus
1523 776 1617 845 sit.

240 937 505 1008 Alexander
536 960 721 1006 Severus
752 964 879 1004 natus
909 964 976 1005 est
1007 962 1144 1005 Areae
1174 959 1425 1014 Caesareae,
1444 960 1476 1026 ¹)
1513 974 1623 1016 quae
1654 963 1771 1006 urbs·

240 1041 283 1086 iu
315 1036 538 1088 Phoenice
557 1044 642 1088 sita
671 1047 750 1099 est,
782 1044 825 1088 in
856 1044 1012 1098 templo
1043 1041 1274 1087 Alexandri
1304 1041 1449 1097 Magni
1487 1046 1601 1088 teste
1631 1043 1758 1087 Lam-

241 1124 395 1180 pridio,
427 1126 500 1180 qui
531 1137 626 1170 eum
657 1126 804 1170 eodem
834 1125 904 1169 die
934 1128 1079 1169 natum
1110 1136 1206 1167 esse
1235 1123 1384 1179 refert,
1401 1124 1439 1181 ²)
1470 1137 1555 1180 quo
1576 1124 1760 1170 Alexan·

243 1207 322 1251 der
356 1206 540 1262 Magnus
580 1207 634 1252 de
673 1207 779 1251 vita*
801 1205 1069 1251 decessisset.
1130 1205 1235 1258 Quis
1274 1210 1418 1250 autem
1458 1208 1516 1251 sit
1554 1206 1625 1251 ille
1656 1207 1760 1264 dies,

243 1287 468 1344 ambigunt
496 1288 702 1333 historici.
763 1287 1000 1333 Bucherius
1030 1286 1246 1332 Kalendas
1277 1286 1485 1332 Octobres
1527 1301 1579 1334 ex
1614 1293 1761 1334 vetere

245 1369 506 1414 Kalendario
548 1370 673 1413 eruit.
721 1369 805 1426 (Cf.
839 1369 1014 1413 Eckhel.
1057 1369 1253 1413 doctrina
1297 1381 1461 1413 numor.
1502 1374 1637 1414 veter.
1667 1371 1761 1426 VH,

244 1463 285 1505 p.
306 1450 438 1506 267.).
479 1450 785 1496 Crombachius
806 1452 850 1495 in
869 1449 1050 1494 historia
1070 1449 1363 1494 Urselinarum
1393 1454 1495 1496 tom.
1514 1451 1571 1505 H,
1601 1464 1642 1506 p.
1663 1451 1762 1506 336,

246 1532 526 1577 ratiocinatur
554 1521 700 1577 mense
729 1532 853 1576 Iunio
889 1536 1070 1578 exeunte
1101 1532 1391 1576 Alexandrum
1420 1532 1621 1588 Magnum
1651 1533 1763 1578 diem

247 1613 405 1658 obiisse
434 1627 696 1670 supremum.
748 1613 831 1660 Sed
861 1627 1014 1670 parum
1034 1614 1261 1669 perspicue
1281 1615 1394 1659 diem
1416 1615 1557 1659 obitus
1577 1615 1762 1661 Alexan-

248 1695 314 1739 dri
352 1681 519 1741 veteres
556 1696 885 1752 consignarunt,
931 1697 1038 1742 adeo
1076 1700 1125 1740 ut
1158 1696 1218 1741 Io.
1249 1695 1578 1752 chrysostomus
1614 1702 1765 1753 aperte

247 1776 519 1833 profiteatur,
560 1777 678 1822 illum
718 1778 829 1823 diem
868 1781 986 1831 certe
1015 1777 1197 1822 indicari
1232 1790 1315 1822 non
1345 1790 1473 1833 posse
1502 1778 1570 1823 his
1599 1779 1763 1824 verbis:

249 1865 366 1912 ,,ποῦ
395 1859 493 1904 εἰπὲ
513 1877 592 1916 μοι
622 1859 672 1904 τὸ
692 1865 811 1917 σῆμα
829 1855 1145 1919 Ἀλεξάνδρου;
1175 1855 1322 1910 δεῖξόν
1350 1875 1430 1915 μοι
1459 1860 1533 1903 καὶ
1563 1858 1661 1904 εἰπὲ
1687 1860 1767 1917 τὴν

249 1938 416 2001 ἡμέραν
445 1939 549 1986 καθ’
577 1938 631 1998 ἢν
660 1937 980 1999 ἕτελεύτησεν.“
1011 1939 1187 1997 (Homll.
1217 1939 1360 1984 XXVI
1388 1939 1432 1983 in
1463 1940 1690 1995 posterior.
1722 1941 1766 1985 in

251 2020 544 2080 Corinthios).
579 2023 731 2078 Itaque
760 2022 871 2067 hanc
901 2034 991 2068 rem
1021 2022 1146 2077 plane
1175 2022 1350 2065 missam
1377 2020 1595 2067 faciamus.
1616 2048 1673 2054 —
1701 2023 1767 2074 De

250 2116 360 2147 anno
391 2116 572 2160 quoque,
603 2117 687 2160 quo
718 2107 846 2147 natus
876 2103 933 2147 sit
962 2103 1209 2158 imperator,
1245 2107 1448 2148 certatur.
1496 2104 1767 2160 Lampridius

251 2186 294 2227 in
324 2185 443 2229 Alex.
484 2198 520 2229 c.
550 2186 609 2229 60
645 2185 800 2238 refert,
841 2186 1076 2239 imperasse
1116 2185 1234 2228 illum
1273 2198 1353 2237 per
1381 2197 1516 2228 annos
1545 2186 1767 2239 tredecim,

252 2265 343 2310 dies
373 2269 557 2321 septem,
588 2265 744 2311 vixisse
774 2268 919 2310 autem
949 2256 1098 2310 annos‘
1119 2265 1435 2322 undetriginta,
1466 2279 1634 2311 menses
1663 2254 1767 2321 tre⁸s,

252 2347 342 2391 dies
373 2351 559 2404 septem3
591 2349 791 2404 quoniam
822 2351 965 2391 autem
995 2359 1176 2403 regnare
1208 2347 1349 2402 coepit
1368 2359 1478 2390 anno
1499 2347 1585 2391 222
1604 2360 1646 2403 p.
1668 2347 1768 2392 Chr.

253 2443 293 2474 n.
325 2442 469 2475 mense
498 2430 677 2484 Martio,
715 2434 764 2473 ut
803 2429 916 2474 infra
955 2429 1129 2484 planum
1157 2427 1251 2483 fiet,
1291 2432 1438 2472 natum
1468 2442 1567 2473 eum
1596 2442 1770 2474 necesse

254 2514 321 2555 est
351 2522 462 2555 anno
492 2510 578 2555 205
607 2522 649 2565 p.
679 2509 779 2555 Chr.
799 2509 1047 2566 Lampridio
1077 2513 1222 2555 autem
1252 2513 1465 2566 repugnat
1485 2508 1799 2574 Herodianus„

397 2684 424 2730 ¹)
449 2683 501 2723 Cf.
525 2683 660 2721 Ritters
683 2682 882 2721 Erdkunde
905 2682 1015 2729 XVII,
1040 2684 1071 2729 1,
1094 2693 1130 2729 p.
1154 2682 1233 2720 808.

393 2756 424 2801 ¹)
448 2754 631 2802 Lamprid.
654 2754 691 2790 in
714 2753 818 2791 Alex.
841 2754 875 2790 5.
