2003 3070
954 77 1015 124 54

214 215 489 261 excursiones
520 216 694 272 fecisse,
737 217 909 264 biennio
949 223 1092 265 autem
1134 223 1234 275 post
1269 219 1441 265 demum
1470 222 1742 267 contendisse

213 302 363 344 contra
393 312 467 344 eos
498 298 816 355 imperatorem.
1510 313 1512 316 ·

851 701 1094 757 VIII.

431 835 523 905 De
571 789 905 906 Alexandri
953 837 1109 907 bello
1158 836 1532 908 Germanico·

209 996 430 1066 Confecto
469 1021 581 1066 bello
626 1021 803 1067 Persico
842 1023 1086 1069 Alexander
1125 1023 1377 1069 Antiochiae
1416 1024 1537 1069 urbis
1577 1025 1740 1071 deliciis

206 1102 400 1158 vacabat,
431 1116 560 1159 quum
584 1108 763 1159 repente
783 1105 959 1149 nuntius
988 1106 1028 1149 ei
1048 1105 1205 1150 allatus
1227 1110 1295 1151 est
1323 1118 1403 1161 per
1422 1106 1584 1162 Illyrici
1613 1119 1739 1162 prae—

207 1184 355 1237 fectos,
380 1184 626 1230 *Germanos
657 1186 851 1230 Rhenum
893 1191 938 1230 et
974 1187 1131 1231 Istrum
1173 1190 1470 1243 transgressos
1501 1190 1738 1232 Romanum

206 1267 372 1312 intrare
401 1271 532 1322 atque
553 1267 782 1312 devastare
801 1268 1042 1322 imperium,
1074 1281 1213 1324 neque
1233 1269 1285 1312 iis
1306 1269 1594 1314 Romanorum
1616 1281 1739 1313 exer·

210 1351 322 1394 citus
352 1349 581 1402 utriusque
617 1348 737 1392 fluvii
767 1349 874 1404 ripis
913 1349 1148 1394 insidentes
1184 1350 1388 1394 resistere
1424 1362 1575 1405 posse,
1612 1362 1738 1405 prae-

207 1431 419 1487 cipueque
457 1431 654 1486 Illyricas
692 1435 866 1486 genta,
907 1431 1061 1477 Italiae
1093 1431 1323 1485 finitimas,
1364 1433 1411 1476 in*
1448 1443 1604 1486 magno
1643 1444 1739 1477 esse

206 1504 411 1568 periculo.
432 1512 481 1568 ¹)
534 1507 739 1557 Germani
790 1516 1020 1568 postquam
1071 1517 1223 1557 contra
1272 1512 1538 1558 caracallam
1582 1512 1738 1558 bellum

205 1599 440 1651 gesserunt
465 1605 577 1639 anno
598 1594 685 1639 213
706 1607 747 1649 p.
769 1594 882 1649 Chr„
913 1607 993 1649 per
1022 1594 1175 1650 viginti
1206 1606 1343 1639 annos
1372 1593 1429 1639 ab
1457 1594 1595 1639 armis⁴
1617 1595 1739 1650 quie-

204 1667 375 1721 verunt.
437 1669 523 1720 Sed
568 1674 674 1720 haec
717 1676 810 1731 ipse
860 1675 1151 1731 tranquillitas
1190 1680 1361 1731 gentem
1403 1676 1649 1721 bellicosam
1695 1681 1740 1721 et

205 1768 379 1813 semper
419 1769 627 1802 novarum
673 1768 816 1803 rerum
860 1756 1149 1801 avidissimam
1198 1757 1421 1811 impellere
1460 1761 1635 1812 peterat
1648 1792 1675 1813 ‚⁴
1691 1761 1741 1802 ut

202 1841 344 1884 vicina
371 1839 466 1883 loca
495 1850 649 1883 rursus
683 1838 952 1884 infestarent.
1016 1839 1080 1883 Ad
1111 1837 1191 1882 hoc
1221 1838 1400 1894 accedit,
1431 1838 1556 1894 quod»
1578 1851 1739 1894 paucae

203 1922 432 1967 admodum
477 1921 668 1977 legiones
718 1921 962 1966 Alexandro
1002 1922 1244 1975 imperante
1287 1920 1393 1975 ripis
1432 1921 1571 1966 Rheni
1614 1925 1739 1966 erant

133 2035 139 2039 ,
202 2004 443 2060 impositae,
475 2004 518 2048 id
550 2002 665 2060 quod
697 2014 749 2047 ex
772 2002 916 2047 Dionev
942 2001 1183 2057 colligimus
1215 2001 1323 2058 (LV,
1353 2002 1411 2048 23
1439 2006 1486 2048 et
1514 2002 1605 2057 24).
1653 2001 1736 2047 Ubi

200 2087 314 2130 enim
344 2086 432 2129 Dio
461 2094 688 2128 numerum
718 2084 949 2139 legionum,
979 2096 1091 2138 quae
1122 2084 1202 2127 sub
1228 2084 1436 2137 Augusto,
1456 2083 1639 2138 fuerant,
1670 2084 1736 2126 in-

200 2167 330 2221 dicat,
362 2166 593 2222 oblataque
622 2165 703 2210 hac
734 2166 957 2210 occasione
987 2177 1061 2208 eas
1092 2167 1308 2219 recenset,
1347 2171 1569 2220 quae'suo
1599 2163 1736 2219 ipsius

199 2253 393 2303 tempore
423 2247 464 2292 h.
494 2259 531 2292 e.
563 2247 806 2292 Alexandro
848 2250 1059 2302 regnante
1096 2245 1402 2299 substiterant3
1441 2250 1531 2304 tres
1567 2249 1736 2290 tantum

198 2331 390 2387 legiones
421 2330 476 2374 ad
506 2331 753 2374 universum
785 2328 980 2374 Rhenum
1010 2327 1264 2373 excubuisse
1299 2327 1541 2383 profitetur.
1602 2328 1734 2374 Prae-

198 2418 319 2458 terea
348 2424 479 2469 quum
511 2425 564 2456 ex
593 2410 729 2455 Gallis
770 2414 861 2455 tum
893 2422 945 2454 ex
981 2409 1165 2465 Illyricis
1207 2409 1455 2455 Alexander
1491 2410 1546 2454 ad
1576 2409 1733 2455 bellum

198 2499 350 2540 contra
380 2494 536 2540 Persas
567 2492 803 2549 gerendum
834 2492 1032 2549 ingentes
1053 2496 1392 2549 congregaverat
1402 2491 1442 2549 ²)
1471 2492 1617 2548 copias
1648 2493 1731 2538 ita-

340 2682 368 2727 ι)
395 2679 446 2717 Cf.
470 2679 664 2715 Herodian.
688 2679 747 2723 VI,
771 2681 804 2715 7.

336 2750 366 2797 ¹)
391 2749 443 2786 Cf.
470 2748 665 2785 Herodian.
691 2748 748 2794 VI,
773 2750 794 2784 3
819 2759 852 2784 u.
878 2750 910 2785 4.
