2003 3070
974 72 1032 120 28

237 209 364 255 modo
389 211 567 256 mederi
604 211 771 267 studet,
811 212 856 257 in
896 214 1060 259 oriente
1096 210 1233 259 nurus
1273 214 1440 261 exstitit
1453 232 1468 248 ‘1
1477 213 1768 261 Romanorum

235 292 386 356 hostis,
415 306 602 348 quocum
634 294 878 339 Alexander
906 293 1015 355 mox'
1033 296 1075 340 in
1108 293 1345 342 discrimen·
1368 287 1546 343 vocatus
1576 300 1655 342 est.
1684 300 1768 341 ‘Ar-

236 378 437 420 taxerxes
468 376 579 419 enim
611 376 813 433 quidam,
849 376 980 422 dubio
1010 382 1063 423 'et
1085 372 1305 425 fortasse
1321 374 1472 429 humili
1505 361 1597 425 loco
1627 381 1768 434 natus,

236 468 366 511 quum
397 457 580 502 devictis
610 458 784 503 Parthis
808 465 1051 515 eorumque
1074 471 1178 516 rege
1208 468 1336 505 caeso
1365 447 1595 516 imperium
1613 459 1767 510 a-P-ar-

234 537 322 581 this
352 539 406 581 ad
440 540 595 588 Persas
626 540 936 595 transtulisset,
967 542 1163 586 omuibus
1193 542 1342 588 vicinis
1364 522 1577 589 narbaris
1601 540 1767 586 subiec-

233 618 290 662 tis
326 620 371 662 in
413 620 792 675 Mesopotamiam,
838 635 949 686 quae
986 622 1073 667 'sub
1118 607 1415 669 Romanorum
1449 627 1564 668 erat'
1589 622 1768 675 ditione,

233 701 509 746 incursiones
526 693 658 757 <fecit;
691 705 796 759 quin
828 704 956 749 etiam
976 704 1147 761 Syriam
1174 712 1434 761 omnemque
1458 704 1660 759 Europae
1680 716 1768 760 op·

188 805 191 808 ·
235 783 419 836 positam
451 784 678 839 regionem*
699 797 748 829 se
769 791 1124 840 recuperaturum
1144 786 1377 833 minitatus·
1396 790 1477 839 est,
1508 797 1619 840 quae
1650 790 1770 828 terra

235 863 449 919 quondam
484 865 583 910 inde
613 866 774 922 wcyro
807 879 944 923 usque
974 867 1029 911 ad
1054 865 1245 923 Darium,
1276 870 1512 913 extremum
1538 866 1769 912 Persarum

235 956 392 1000 regem,
425 945 467 988 in
498 951 718 1001 potestate
748 947 891 992 fuerat
922 950 1165 993 Persarum.
1227 948 1492 993 Artaxerxes
1516 952 1669 992 autem
1699 959 1768 990 se-

233 1032 320 1069 met
352 1027 490 1080 ipsum
523 1041 547 1071 e
577 1033 706 1082 gente
746 1029 918 1073 illorum
957 1025 1187 1075 Persarum
1222 1043 1373 1084 regum
1414 1029 1644 1074 oriundum
1672 1040 1769 1073 esse

232 1105 351 1160 dixit,
384 1112 653 1165 quapropter
681 1109 919 1166 legitimum
956 1110 1125 1157 illarum
1163 1113 1380 1157 terrarum
1417 1124 1466 1156 se
1505 1123 1602 1156 esse
1643 1110 1767 1155 here-

232 1189 340 1233 dem.
364 1190 396 1245 ¹)
458 1191 576 1243 Quae
617 1192 690 1234 ubi
730 1195 914 1236 Romam·
961 1194 1157 1238 nuntiata
1196 1198 1317 1248 sunt,
1367 1197 1482 1238 teste
1522 1193 1768 1236 Herodiano

231 1270 475 1317 Alexander
502 1272 619 1318 haud
660 1273 934 1319 mediocritei·
969 1274 1170 1321 turbatus
1202 1279 1283 1319 est.
1343 1274 1499 1330 ltaque
1534 1273 1573 1317 ei
1609 1273 1769 1330 placuit

230 1353 284 1395 ad
317 1355 598 1398 Artaxerxem
628 1355 796 1410 legatos
837 1356 1031 1411 mittere,
1071 1363 1183 1412 quae
1218 1358 1404 1411 Augusti
1442 1359 1488 1399 et
1518 1356 1693 1399 Traiani
1724 1361 1768 1399 et

229 1435 347 1481 Lucii
378 1439 423 1482 et
454 1435 602 1481 Severi
633 1436 690 1482 ad
720 1438 950 1483 monebant
990 1443 1288 1495 tropaeorum,
1330 1450 1415 1494 quo
1445 1436 1614 1482 facilius
1645 1449 1765 1492 spem

228 1517 402 1562 barbari
444 1517 651 1574 principis
691 1518 953 1574 inhiberent,
1006 1532 1060 1564 ne
1106 1520 1208 1576 quid
1259 1519 1333 1565 ille
1373 1532 1516 1565 rerum
1561 1530 1765 1563 novarum

230 1599 468 1642 moliretur.
531 1599 693 1644 Verum
724 1601 1030 1645 stimulabatur
1060 1601 1272 1646 barbarus
1303 1600 1689 1656 impellebaturque
1711 1602 1766 1644 ad

228 1671 455 1734 imperium
487 1681 816 1736 propagandum
847 1694 912 1735 eo,
945 1684 1060 1737 quod
1077 1668 1234 1727 vomnia
1259 1683 1481 1727 etiamtum
1511 1681 1566 1725 ab
1597 1682 1671 1725 illo
1701 1682 1766 1724 in-

228 1766 355 1816 cepta
384 1762 494 1806 bene
525 1762 564 1806 ei
595 1770 913 1818 processerant,
944 1766 988 1807 et
1018 1763 1307 1807 Romanorum
1343 1761 1497 1818 legatis
1526 1761 1577 1806 're
1607 1761 1768 1807 infecta

228 1842 416 1886 dimissis
457 1845 619 1887 maiore
661 1845 790 1887 etiam
830 1844 975 1888 studio
1010 1846 1065 1888 ad
1105 1844 1264 1889 bellum
1305 1844 1596 1889 incumbebat*
1656 1844 1764 1887 'Fum

228 1937 330 1969 vero
361 1925 606 1970 Alexander
634 1942 703 1957 -·
724 1931 772 1970 ut
812 1926 955 1971 omnia
994 1926 1197 1982 deinceps
1228 1931 1445 1982 repetam,
1485 1939 1597 1982 quae
1628 1928 1765 1971 Hero-

227 2006 380 2069 dianus
412 2006 465 2051 de
497 2007 577 2052 hoc
614 2006 726 2051 bello
764 2007 922 2052 litteris
965 2008 1233 2063 consignavit
1263 2031 1318 2038 -—
1350 2008 1465 2052 haud
1508 2008 1765 2053 mediocrem

227 2088 283 2131 ad
316 2089 470 2131 bellum
502 2090 739 2143 parandum
771 2089 1037 2143 diligentiam
1078 2090 1364 2145 adhibendam
1398 2102 1494 2132 esse
1535 2094 1676 2143 ratus,
1713 2102 1766 2134 ex

229 2168 425 2213 omnibus
450 2170 682 2224 provinciis
705 2170 900 2216 delectus
919 2170 1085 2228 h‘al‘leri‘*
1098 2172 1226 2216 iussit
1245 2174 1510 2224 cunctorum,
1542 2171 1617 2227 qui
1647 2183 1767 2216 arma

227 2252 342 2294 ferre
372 2255 597 2306 poterant,
636 2254 698 2296 ita
729 2257 778 2296 ut
808 2257 950 2296 motus
992 2254 1145 2308 iugens
1185 2258 1278 2306 toto
1308 2252 1540 2304 exsisteret
1569 2252 1764 2307 imperio.

229 2332 311 2376 Ubi
344 2344 496 2377 omnes
516 2333 565 2377 ‘in
596 2335 795 2390 campum
825 2340 1136 2390 convenerunt,
1174 2336 1371 2379 oratione
1397 2333 1549 2379 habita
1589 2335 1767 2379 excitati

228 2419 272 2460 et
310 2414 492 2471 largiter
530 2415 677 2460 donati
715 2415 896 2471 pecunia
935 2416 1103 2472 magnis
1143 2414 1373 2462 itineribus
1420 2428 1498 2472 per
1534 2415 1764 2473 Illyricum,

227 2496 340 2539 unde
371 2508 543 2551 quoque
574 2496 767 2541 delectus
796 2496 1087 2551 habebantur,
1128 2495 1400 2541 Antiochiam
1435 2486 1762 2541 contenderunt.

228 2579 292 2622 lbi
325 2579 581 2632 Alexander,
613 2590 726 2634 quae
757 2578 858 2624 belli
881 2589 996 2624 'usus
1020 2578 1281 2634 postulabat,
1314 2591 1471 2636 magna
1500 2580 1765 2633 comparavit

371 2752 399 2797 ¹)
425 2751 478 2789 Cf.
502 2752 697 2790 Herodian.
724 2752 782 2799 VI,
806 2754 829 2790 2
853 2764 888 2792 u.
912 2752 982 2791 Dio
1006 2752 1137 2799 Loco,
1161 2754 1195 2789 3.
