2003 3070
946 65 975 112 9

198 212 248 252 ut
276 222 374 252 eum
404 208 593 252 omnium
623 207 944 264 disciplinarum
980 210 1200 254 scientiam
1241 210 1459 264 edocerem
1505 220 1630 263 quem
1670 206 1726 252 ad

197 290 322 335 finem
353 299 540 334 summos
576 290 773 335 doctores
815 290 923 335 clam
965 291 1215 335 arcessebat
1247 284 1547 346 virilibusque
1568 287 1726 332 studiis

199 384 254 415 ω
277 370 435 415 utteris
465 370 645 416 Graecis
675 376 721 416 et
750 371 915 415 Latinis
954 359 1052 416 enim
1092 373 1328 425 imbuebat,
1371 372 1479 417 adeo
1527 374 1576 414 ut
1622 369 1727 426 nihil

199 457 316 498 esset
330 451 565 509 Elagabalo
585 443 793 509 impurius
814 465 865 499 ao
885 452 1065 509 foediuS‚
1095 453 1201 499 nihil
1229 455 1389 499 castius
1410 456 1455 497 et
1485 451 1724 497 modestius

199 533 452 579 Alexandro.
511 535 607 578 Non
637 538 706 578 est
735 535 870 590 igitur
898 533 1159 589 mirandum,
1190 535 1305 590 quod
1336 535 1523 578 omnium
1555 534 1724 576 animos

199 615 281 659 sibi
324 616 568 660 conciliavit
602 618 788 671 optimus
836 615 1108 668 adoleccens,
1161 613 1394 670 omnesque
1407 650 1417 669 ,
1458 618 1508 658 ut
1547 614 1727 658 oderant

200 700 379 751 propter
407 697 513 742 vitia
541 697 754 752 impurum
783 696 1086 753 Elagabalum,
1124 698 1186 742 ita
1223 696 1527 753 propensiores
1557 694 1600 740 in
1632 695 1726 740 Ale·

198 777 406 822 xandrum
436 778 601 823 animos
632 778 849 823 habebant
888 790 1092 834 spemque
1131 777 1361 824 meliorem·
1387 779 1431 823 in
1462 790 1598 833 puero
1629 775 1725 821 dili·

198 863 350 914 genter
378 872 428 904 ac
459 860 651 904 modeste
681 859 877 914 educato,
907 863 957 903 ut
987 860 1164 905 tradunt
1184 872 1329 904 omnes
1359 859 1530 905 illorum
1561 863 1725 913 tempo·

197 953 291 985 rum
320 942 572 997 scriptores.
1200 1000 1203 1002 ,

311 1023 458 1076 ·Quod
506 1021 579 1065 ubi
627 1023 832 1077 primum*
861 1022 1122 1077 Elagabalus
1166 1023 1367 1078 cognovit
1409 1024 1727 1077 perspexit-que,

197 1088 361 1159 quanto·
390 1103 434 1148 id
466 1104 548 1148 sibi
579 1103 771 1159 periculo
801 1102 1227 1161 essethpoenitebat
1242 1116 1340 1148 eum
1369 1103 1561 1159 graviter
1591 1103 1725 1158 adop·

197 1184 375 1230 tationis
405 1189 450 1230 et
478 1185 647 1240 imperii
678 1184 991 1240 communicati,
1026 1188 1329 1241 praeceptores
1360 1183 1592 1230 Alexandri
1624 1196 1747 1238 par-·

198 1267 273 1312 tim
305 1266 465 1323 abegit,
495 1265 651 1323 partim
682 1259 890 1328 supplicio
912 1265 1040 1311 etiam
1062 1265 1203 1312 affecit
1222 1266 1469 1314 testimonio
1491 1266 1726 1311 Herodiani

198 1349 242 1403 (1.
273 1348 348 1405 L),
388 1349 503 1404 quod
549 1347 799 1403 adoptatum
840 1347 972 1393 filium
1020 1353 1348 1405 corrumperent
1384 1361 1522 1405 neque
1564 1348 1617 1391 ad
1660 1348 1726 1403 ip·

197 1429 297 1477 sius
310 1442 451 1476 mores
482 1441 580 1473 eum
609 1428 865 1475 conformari
904 1433 1169 1486 paterentur.
1230 1430 1341 1485 Quin
1386 1431 1517 1475 etiam
1556 1440 1728 1485 quoquo

196 1511 321 1556 modo
363 1510 542 1556 insidias
579 1523 715 1567 puero
756 1512 933 1568 struxit3
976 1513 1053 1557 sed
1090 1524 1142 1556 ea
1171 1513 1266 1568 ipsa
1301 1525 1393 1566 res,
1440 1524 1524 1569 qua
1562 1511 1728 1555 servari

196 1605 322 1649 posse
351 1594 566 1649 sperabat,
597 1606 697 1638 mox
728 1594 767 1638 ei
798 1595 929 1639 exitio
960 1595 1055 1639 fuit.
1106 1596 1256 1650 Neque
1277 1595 1387 1640 enim
1413 1598 1551 1638 mater
1570 1594 1727 1646 solum,

196 1675 271 1720 sed
301 1675 429 1719 etiam
461 1674 611 1719 Maesa
641 1676 761 1729 avia,
792 1687 903 1731 quae
932 1676 986 1719 ad
1018 1676 1320 1728 Alexandrum,
1351 1680 1401 1720 ιιι
1429 1679 1532 1720 ante
1562 1676 1725 1719 dictum

202 1760 281 1810 est,
311 1756 354 1798 in
385 1756 477 1799 dies
508 1757 763 1811 propensior
788 1761 895 1812 erat,
925 1758 1229 1802 custodiebant
1246 1757 1607 1802 adolescentulum
1637 1769 1728 1800 om-

206 1850 368 1893 nesque
398 1837 686 1893 prohibebant
714 1839 911 1895 insidias,
948 1841 1050 1896 quin
1081 1839 1209 1884 etiam
1240 1838 1439 1891 Mamaea
1466 1843 1515 1882 ut
1545 1838 1727 1882 militum

197 1934 224 1963 n
255 1920 544 1965 Alexandrum
574 1920 739 1965 animos
769 1922 1030 1976 conciliaret,
1062 1934 1241 1977 magnas
1272 1922 1476 1977 pecunias
1507 1920 1715 1966 militibus

199 2001 334 2045 dabat
363 2000 699 2056 distribuendas,
731 2006 781 2046 ut
809 2002 945 2046 refert
976 2002 1249 2047 Herodianus
1279 2002 1350 2058 (V,
1382 2003 1443 2058 8).
1501 2004 1564 2048 Ut
1593 2003 1725 2058 igitur

197 2084 448 2138 imperatori
477 2083 657 2128 insidiae
687 2096 840 2138 parum
870 2085 1179 2139 procedebant,
1207 2084 1368 2128 honore
1389 2084 1589 2129 Caesaris
1619 2097 1723 2138 pue·

193 2165 302 2208 rum*⁴
322 2166 493 2219 privare
524 2165 659 2209 voluit
689 2165 914 2221 nullosque
943 2166 1155 2219 honoreS,
1192 2165 1263 2221 qui
1291 2165 1467 2210 Caesari
1509 2165 1723 2221 debeban-

194 2250 287 2302 tur,
334 2246 373 2292 ei
412 2246 626 2293 concessit
661 2258 811 2304 neque
835 2245 982 2293 Idibus
1017 2245 1228 2293 Ianuariis
1268 2258 1363 2293 cum
1407 2258 1482 2300 eo,
1528 2250 1723 2305 quamvis

195 2327 343 2379 consul
388 2332 506 2372 esset
544 2329 816 2384 -declaratuS,
860 2330 1098 2384 procedere
1139 2330 1287 2373 voluit.
1366 2326 1635 2386 Lampridius
1680 2330 1724 2372 in

195 2409 429 2466 Elagabalo
461 2411 515 2465 (c.
549 2409 621 2465 13)
662 2410 790 2455 etiam
824 2412 884 2456 ad
926 2416 1121 2457 senatum
1162 2411 1389 2457 mandasse
1430 2424 1529 2456 eum
1560 2418 1723 2467 narrat,

196 2497 246 2538 ut
274 2492 517 2538 Alexandro
548 2491 746 2537 Caesaris
786 2504 941 2537 nomen
980 2492 1287 2549 abrogaretur3
1334 2504 1419 2548 quo
1454 2492 1625 2548 prodito
1657 2492 1721 2536 in-

196 2586 302 2630 gens
332 2573 375 2617 in
406 2577 559 2619 senatu
590 2573 806 2618 silentium
848 2573 993 2619 fuisse.
1053 2574 1144 2619 Nec
1172 2560 1335 2619 felicius
1365 2574 1601 2629 Elagabalo
1631 2586 1722 2618 rem

197 2656 403 2711 evenisse,
434 2668 565 2711 quum
594 2656 649 2700 ad
679 2655 835 2700 milites
865 2656 1130 2711 mandasset,
1169 2659 1218 2699 ut
1247 2668 1399 2701 nomen
1429 2655 1629 2700 Caesaris
1659 2655 1723 2700 illi
