2003 3070
965 59 1018 115 Π,

222 201 292 253 vix
323 197 670 260 mansium
672 196 923 256 122le
930 197 1138 257 inemo
1148 197 1383 258 assignare
1444 197 1589 255 Quid?
1630 199 1749 254 quoa

221 279 481 339 Elagabalus
497 281 689 338 cupiens
696 280 966 340 adoptatum,
975 278 1123 330 filium
1132 293 1241 336 sna
1231 278 1412 331 docere
1423 279 1589 334 studia,
1617 292 1747 337 quum

221 365 291 409 ille
320 376 347 411 a
375 362 535 410 foedis
544 356 821 419 imperatotis
844 362 1083 423 seeleaeibus
1114 362 1393 416 &horrerem
1424 365 1545 406 tanto
1576 374 1675 409 mox
1703 363 1748 408 in

222 444 533 499 Alexandrum..
556 442 667 493 odio
694 442 916 502 flagrauit,
944 448 1007 490 fut
1023 485 1029 492 ,
1045 443 1333 499 maximopere
1380 444 1750 502 eumpoeniteret

221 525 464 581 adoptionis
503 525 661 581 illeque
703 524 1069 578 adolescentulum
1114 525 1344 576 Caesarem
1372 529 1428 569 tet
1468 525 1748 575 clandestinis

222 610 266 651 et
295 604 460 662 apertis
488 609 660 661 peteret
688 606 867 659 insidiis,
898 606 1102 661 quamdiu
1126 605 1242 661 vixit,
1275 609 1322 649 ut
1351 606 1478 650 testis
1508 610 1577 652 est
1606 605 1745 652 Hero-

221 688 374 734 dianus
397 688 475 745 (V,
507 687 585 745 ὈΡ
642 687 793 733 Nonne
815 676 993 747 insigne
1012 686 1154 735 idest
1184 691 1496 742 argumentum,
1526 699 1612 734 non
1641 689 1748 732 mul-

222 774 314 814 tum
345 770 775 825 interessespatium
805 769 917 814 inter
945 768 1217 822 adoptionem
1258 768 1488 812 Alexandri
1517 774 1562 813 et
1590 769 1749 824 Elaga*

221 851 307 895 bali
338 850 517 912 necem?
556 848 723 906 Neque
737 850 850 894 enim
881 849 1109 895 verisimile
1139 848 1241 893 mihi
1273 849 1458 902 videtur,
1487 862 1630 894 rerum
1661 854 1749 895 sta-

220 937 313 976 tum
349 932 488 987 illum,
520 944 658 988 quem
695 935 884 987 propter
926 930 1147 987 Elagabali
1195 931 1239 974 in
1277 930 1565 975 Alexandrum
1607 931 1751 976 odium

209 1014 483 1069 insidiasque
522 1013 691 1058 Romae
736 1012 871 1062 fuisse
911 1012 1186 1058 Herodianus
1229 1013 1386 1066 refert,
1431 1025 1511 1067 per
1550 1025 1751 1068 magnum

221 1096 428 1150 temporis
467 1096 652 1151 spatium
692 1107 788 1138 aese
819 1095 1024 1151 potuisse.
1085 1097 1206 1150 Quae
1242 1107 1372 1151 quum
1405 1096 1466 1138 ita
1507 1096 1613 1149 sint,
1654 1096 1752 1150 quis

222 1182 289 1230 est
318 1178 392 1232 qui
421 1179 562 1231 neget,
594 1177 708 1231 apud
738 1177 1030 1221 Herodianum
1061 1176 1106 1232 (l.
1126 1177 1175 1233 L)
1205 1177 1251 1222 in
1281 1189 1456 1221 numero
1489 1176 1582 1233 ,εἰς
1600 1176 1748 1223 ἕκτον*

221 1270 408 1303 errorem
440 1257 775 1313 agnoscendum,
817 1259 892 1302 sed
919 1259 999 1302 sio
1026 1250 1328 1313 corrigendum
1360 1270 1471 1311 esse,
1500 1262 1549 1301 ut
1578 1271 1657 1313 pro
1688 1257 1754 1311 εἰς

222 1340 346 1389 ἕκτον
375 1339 548 1395 legatur
578 1339 643 1391 εἷς
671 1340 887 1400 τέταρτον.
938 1340 1006 1384 Ita
1026 1339 1270 1391 Herodian}-
1294 1340 1348 1383 de
1378 1339 1601 1394 Elagabali
1630 1342 1754 1388 aunis

222 1433 497 1467 numerorum
524 1421 637 1466 ratio
665 1433 764 1466 cum
796 1420 953 1475 Dione,
985 1424 1191 1476 quantum
1222 1424 1379 1476 potest,
1410 1421 1452 1464 in
1483 1421 1754 1467 concordiam

222 1504 399 1548 redacta
430 1507 510 1547 est.

272 1595 276 1598 ’
361 1585 496 1631 Favet
525 1585 658 1641 igitur
694 1585 844 1632 Dionis
882 1580 1156 1629 numerorum
1188 1584 1345 1629 rationi
1374 1584 1557 1630 illustris
1588 1585 1753 1642 Hippo·

223 1665 326 1721 lytei
357 1666 617 1711 monumenti
639 1668 891 1721 auctoritas,
921 1666 1039 1710 favet
1068 1667 1198 1711 etiam
1219 1666 1506 1720 Herodianus,
1536 1671 1586 1711 ut
1616 1667 1754 1712 fusius

223 1748 628 1804 demonstravimus3
677 1760 728 1792 eo
758 1741 894 1803 ‘magis
934 1748 1164 1792 reiicienda
1202 1751 1269 1791 est
1306 1747 1493 1804 Vignolii
1523 1751 1754 1806 sententia,

224 1841 349 1884 quam
381 1842 536 1885 magna
566 1842 618 1875 ex
647 1833 773 1886 parte
812 1841 946 1885 supra
988 1829 1072 1873 iam
1103 1819 1416 1874 refutavimus.>
1457 1830 1580 1884 Quod
1610 1835 1753 1876 autem

222 1911 406 1955 Dionem
436 1912 552 1955 numi
572 1911 794 1966 Elagabali
817 1911 1044 1956 tribunitia
1065 1914 1283 1967 potestate
1304 1913 1355 1956 V.
1381 1912 1576 1967 inscripti
1606 1912 1753 1957 viden-

222 1996 297 2037 tur
343 2006 522 2049 urgere,v
563 1993 750 2043 omnium
795 1992 1140 2049 probabilissima
1185 1993 1286 2043 mihi
1328 1994 1499 2039 videtur
1536 2007 1622 2039 una
1657 2007 1753 2040 cum

224 2074 420 2119 Gibbono
439 2074 473 2129 ¹)
514 2078 558 2118 et
586 2075 789 2120 Reimaro
806 2075 842 2132 ²)
884 2074 1099 2120 Valseehii
1129 2079 1366 2131 sententia,
1397 2076 1645 2122 tribunitiae
1674 2090 1753 2132 po-

223 2157 397 2202 testatis
427 2156 634 2212 originem
664 2157 764 2203 inde
794 2169 826 2203 a,
850 2155 1100 2204 caracallae
1138 2169 1240 2203 nece
1277 2158 1334 2203 ab
1364 2157 1601 2213 Elagabalo
1630 2170 1755 2214 repe-

223 2239 351 2281 titam
380 2249 496 2291 esse,
532 2237 577 2281 id
614 2238 736 2294 quodv
769 2238 1041 2286 doctissimus
1076 2238 1149 2282 ille
1179 2239 1247 2282 vir
1277 2238 1424 2283 multis
1454 2243 1499 2283 et
1528 2240 1757 2284 luculentis

224 2321 500 2375 persequitur
529 2320 807 2375 argumentis
867 2319 1070 2373 Quamvis
1110 2324 1255 2365 autem
1294 2320 1395 2365 licet
1433 2321 1628 2376 exempla
1655 2335 1757 2366 con-

224 2404 448 2457 gerantur<
463 2404 685 2457 raptorum
724 2397 1019 2457 imperiorum,
1061 2413 1244 2457 quorum
1284 2413 1419 2446 annos
1448 2401 1629 2458 legitimi
1658 2414 1758 2447 suc-

368 2602 396 2647 ι)
421 2599 578 2637 Gibbon:
611 2600 740 2638 Gesch.
765 2600 831 2637 der
862 2601 1052 2639 Abnahme
1075 2600 1151 2638 und
1175 2600 1239 2637 des
1263 2600 1419 2638 Vei-falls
1443 2601 1509 2638 des
1531 2601 1757 2639 roemischen

224 2669 389 2718 Reiches,
415 2667 620 2708 uebersetzt
642 2681 712 2708 vou
736 2671 774 2709 C.
799 2671 856 2710 W.
881 2682 912 2708 v.
935 2671 980 2710 Β..
1005 2671 1112 2712 wien
1136 2671 1229 2709 1790
1246 2670 1316 2709 Bd.
1339 2671 1356 2707 Ι
1379 2682 1414 2718 p.
1438 2672 1508 2708 245
1526 2672 1633 2710 Anm.
1656 2672 1710 2709 61.

366 2741 399 2787 ·)
425 2740 581 2785 amar.
606 2744 725 2778 mot„
750 2741 798 2778 aa
821 2741 975 2778 Dionem
998 2741 1100 2778 cm
1122 2740 1329 2787 mvm.
1352 2741 1423 2787 41).

1548 2815 1561 2824 ·
1584 2801 1614 2846 2
