2003 3070
910 71 915 76 ’
966 73 996 118 5

221 220 410 263 auctore.
471 215 519 258 In
559 226 611 259 eo
650 211 750 259 vero
783 213 1060 259 consentiunt
1101 212 1183 257 Dio
1223 215 1268 257 et
1311 210 1604 265 Herodianus,
1649 209 1742 255 Ma-

222 309 367 344 maeae
410 295 541 340 filium
586 297 780 339 vocatum
827 307 922 339 esse
955 294 1261 350 Alexandrum,
1306 298 1535 355 postquam
1578 293 1742 337 Caesar

221 380 358 425 factus
399 380 536 431 esset3
568 388 663 421 esse
699 380 843 421 autem
873 376 1276 431 transnominatum‚
1308 375 1390 419 Dio
1409 375 1443 431 1)
1474 375 1640 431 prodit,
1681 375 1743 418 ita

222 458 509 517 praecipiente
550 456 646 502 deo.
703 458 788 502 Sed
831 457 934 511 Dio,
979 469 1090 513 quae
1139 459 1263 500 erant
1296 457 1467 500 illorum
1501 460 1743 512 temporum

220 540 522 593 hominumque
560 538 704 582 studia
738 543 869 594 atque
905 539 1098 594 ingenia,
1146 539 1271 583 nimis
1328 543 1395 582 est
1443 538 1645 591 proclivis
1686 538 1741 581 ad

220 620 424 666 miracula
467 633 518 664 ac
558 620 775 676 prodigia,
827 618 1175 676 probabiliusque
1227 618 1331 662 mihi
1388 619 1580 673 videtur,
1626 619 1739 675 quod

221 701 491 746 Herodianus
550 700 687 744 refert
743 702 821 756 (V,
880 702 926 755 7,
969 700 1062 757 5)‚¹
1093 702 1344 754 adoptatum
1394 701 1447 744 ab
1506 700 1740 756 Elagabalo

220 784 340 827 iussu
369 783 543 827 Maesae
573 781 738 827 dictum·
762 793 858 826 esse
887 781 1196 835 Alexandrum,
1239 784 1287 824 ut
1316 782 1476 826 certius
1506 780 1741 826 haberetur

219 864 331 908 filius
361 863 626 918 caracallae,
669 864 827 919 quippe
864 864 939 919 qui
978 863 1266 907 Alexandrum
1303 863 1422 908 illum
1459 862 1738 908 Macedonem

220 957 490 1000 summopere
512 944 705 990 imitatus
729 949 854 990 esset.
878 944 960 1000 (Cf.
982 944 1142 989 Herod.
1167 945 1215 1001 V,
1237 945 1261 989 7
1283 948 1327 989 et
1347 944 1429 989 Dio
1446 944 1657 1001 LXXVII,
1679 946 1740 1000 7.)

219 1029 277 1071 Et
307 1026 457 1071 dubito
487 1040 542 1071 an
572 1026 686 1071 idem
715 1028 849 1072 lateat
878 1026 921 1069 in
952 1026 1102 1070 Dionis
1132 1027 1295 1082 verbis,
1332 1026 1369 1070 si
1401 1027 1592 1082 quidem,
1624 1027 1740 1083 quod

219 1108 342 1153 facile
373 1106 468 1152 fieri
498 1111 681 1163 poterat,
710 1109 883 1153 Maesae
903 1109 1024 1152 iussu
1045 1121 1094 1153 ac
1124 1109 1343 1152 voluntate
1366 1108 1472 1151 deus
1502 1107 1737 1163 Elagabalo

220 1189 440 1233 consilium
486 1190 626 1242 dedit,
673 1194 722 1231 ut
763 1189 1015 1243 adoptatum
1060 1189 1372 1233 adolescentem
1418 1190 1740 1244 cognominaret

218 1270 520 1315 Alexandrum
552 1294 606 1302 —
638 1270 861 1325 Quoniam
878 1274 1022 1315 autem
1054 1269 1135 1314 Dio
1165 1282 1262 1315 cum
1280 1270 1529 1316 Herodiano
1559 1282 1739 1316 consen-

218 1353 273 1395 tit
302 1352 381 1397 hac
411 1352 455 1395 in
485 1364 557 1407 re,
588 1351 758 1395 minime
787 1350 913 1397 fidem
948 1351 1189 1396 habendam
1226 1364 1322 1396 esse
1343 1352 1593 1408 Lampridio
1623 1352 1739 1397 arbi-

196 1437 312 1482 tror
357 1435 569 1489 narranti,
586 1432 622 1489 2)
666 1447 819 1479 nomen
861 1433 967 1477 illud
1012 1434 1051 1478 ei
1088 1433 1292 1489 inditum,
1339 1433 1455 1490 quod
1501 1432 1544 1478 in
1578 1434 1739 1490 templo

217 1515 448 1560 Alexandri
479 1519 606 1561 natus
636 1520 763 1561 esset.
784 1539 843 1546 —
871 1517 1066 1560 Marcum
1097 1527 1267 1577 quoque
1298 1519 1343 1559 et
1362 1516 1597 1571 Aurelium,
1629 1528 1740 1571 quae

217 1597 388 1641 nomina
416 1598 460 1641 in
491 1597 629 1640 numis
659 1601 704 1647 et
732 1597 1078 1652 inscriptionibus
1099 1609 1268 1652 semper
1288 1601 1482 1651 exstant,
1522 1597 1738 1653 cognomi-

217 1680 364 1722 natum
395 1690 491 1721 eum
523 1690 619 1722 esse
649 1678 703 1722 ab
735 1677 964 1733 adoptione
993 1677 1230 1733 Elagabali,
1260 1690 1385 1722 nemo
1415 1691 1500 1722 non
1531 1679 1659 1724 videt.

354 1761 580 1804 Notandus
615 1772 717 1804 vero
755 1764 824 1804 est
859 1773 981 1805 error
1017 1759 1272 1825 LampridiL
1316 1762 1390 1816 qui
1429 1760 1596 1819 duobus
1634 1761 1739 1806 locis

216 1841 279 1899 (in
310 1840 431 1885 Alex.
463 1854 494 1885 c
523 1844 587 1887 12.
618 1849 663 1886 et
691 1841 767 1899 25)
804 1846 1128 1898 commemorat,
1169 1842 1248 1895 „ob
1284 1841 1520 1886 mirandam
1551 1842 1739 1899 singula-

216 1934 391 1977 remque
420 1924 703 1967 constantiam
743 1927 893 1967 contra
929 1923 1109 1968 militum
1140 1923 1436 1968 insolentiam“
1473 1923 1621 1968 Severi
1663 1938 1740 1969 no-

216 2017 312 2048 men
357 2017 383 2047 a
427 2004 634 2048 militibus
675 2005 928 2059 imperatori
971 2005 1151 2050 inditum
1191 2017 1300 2050 esse.
1360 2007 1453 2050 Hoc
1491 2006 1604 2049 enim
1644 2019 1739 2051 esse

214 2085 392 2139 falsum,
433 2085 659 2141 insigniter
694 2090 875 2142 apparet
910 2099 963 2131 ex
998 2087 1148 2143 primis
1180 2086 1411 2131 Alexandri
1444 2087 1630 2143 Augusti
1660 2101 1775 2138 num

216 2167 309 2221 mis,
342 2168 415 2223 qui
445 2181 592 2212 omnes
622 2173 871 2213 constanter
892 2168 1040 2214 Severi
1071 2182 1222 2213 nomen
1243 2169 1419 2225 addunt,
1450 2182 1535 2224 quo
1567 2169 1738 2225 quidem

215 2254 409 2305 tempore
439 2249 677 2306 imperator
707 2250 869 2295 nullum
899 2249 1143 2296 severitatis
1184 2250 1484 2297 documentum
1514 2255 1738 2308 praestare

216 2332 375 2386 potuit;
415 2332 457 2375 id
497 2335 614 2377 recte
651 2332 778 2377 docet
817 2332 1050 2377 Eckhelius
1087 2332 1115 2376 l.
1147 2345 1182 2378 c.
1222 2346 1263 2388 p.
1296 2333 1378 2377 281
1423 2334 1738 2389 existimatque,

218 2412 504 2456 Alexandrum
534 2426 620 2457 una
649 2425 744 2457 cum
776 2413 960 2468 Augusti
992 2414 1118 2458 titulo
1142 2413 1290 2459 Severi
1320 2427 1473 2459 nomen
1494 2415 1738 2471 adoptasse.

216 2493 338 2547 Quod
371 2495 540 2551 quidem
581 2494 753 2539 minime
782 2494 935 2562 mirum
972 2495 1109 2540 videri
1148 2500 1303 2552 potest.
1363 2496 1513 2553 Neque
1544 2497 1656 2543 enim
1686 2512 1738 2542 ex

358 2680 385 2728 ²)
409 2680 478 2717 Dio
502 2680 663 2728 LXXIX,
690 2682 734 2717 17
758 2692 793 2719 u.
820 2681 875 2720 18.

356 2751 387 2797 ¹)
410 2749 593 2796 Lamprid.
618 2749 656 2785 in
678 2749 781 2786 Alex.
807 2760 837 2787 c.
863 2751 897 2787 5.
