2003 3070
913 104 965 149 61

177 244 277 290 Iulii
305 244 560 300 principium
591 244 767 290 differri.
828 245 1123 292 'tillemontius
1143 245 1182 300 ι)·
1216 258 1388 301 quoque
1422 258 1569 291 necem
1600 246 1698 291 Ale-

177 326 328 371 xandri
341 362 351 382 ‚
389 338 442 371 ne
475 330 712 382 temporum
742 326 926 375 historia
953 326 1254 383 perturbetur,
1299 326 1449 382 primis
1484 327 1583 371 anni
1613 328 1700 374 235

176 407 394 452 mensibus
424 409 713 463 reponendam
742 421 839 454 esse
868 409 1011 454 multis
1041 409 1198 463 probat
1226 409 1379 453 causis,
1431 410 1520 454 Nee
1547 410 1699 467 habeo,

178 502 287 545 quae
317 490 543 535 luculentis
572 491 724 537 horum
744 491 1019 546 ‘argumentis
1053 489 1295 545 adiungam.

317 570 586 616 Herodianus
627 571 796 628 quidem
836 570 1033 616 rotundis
1070 570 1280 626 numeris,
1320 576 1371 615 ut
1406 575 1508 616 ante
1537 573 1698 618 dictum

179 656 259 706 est,
290 653 415 696 modo
447 653 667 706 tredecim,
712 654 838 697 modo
876 652 1198 707 quatuordecim
1238 663 1374 695 annos
1413 653 1700 698 Alexandrum

179 745 384 788 regnasse
421 736 644 780 memorat.
684 757 743 764 —
784 731 1024 777 Secundum
1061 731 1351 788 Lampridium
1395 733 1444 791 (l.
1473 733 1500 778 l.
1540 748 1576 779 c.
1607 735 1697 792 60.)

178 815 405 870 imperavit
434 814 679 859 Alexander
707 816 843 875 aquea
860 815 942 875 434
958 813 1058 875 {diee-
1080 814 1130 868 βς
1161 826 1270 868 sergo
1308 814 1345 857 si
1376 815 1446 858 die
1476 816 1549 859 XI.
1581 829 1698 860 men-

177 897 237 940 sis
269 896 428 950 Martii,
459 896 574 951 quod
605 907 739 951 supra
768 889 995 950 probatum
1026 898 1116 948 est,
1156 895 1210 939 ad
1248 894 1472 951 imperium
1503 898 1699 953 accessit,

178 978 331 1022 eodem
362 988 508 1021 mense
538 976 754 1020 interierit
784 987 960 1020 necesse
989 980 1070 1019 est.

314 1058 593 1103 Recentiores
644 1058 839 1112 plerique
893 1057 1126 1112 scriptores
1180 1069 1327 1101 mense
1378 1057 1537 1103 Martio
1600 1060 1697 1104 Ale-

175 1141 383 1186 xandrum
428 1138 702 1183 interfectum
747 1150 842 1183 esse
886 1142 1104 1193 statuunt,
1149 1150 1257 1193 quos
1301 1139 1551 1195 compendio
1594 1140 1699 1185 eita-

176 1226 221 1267 to
257 1222 448 1267 invenies
488 1220 602 1276 apud
642 1220 935 1270 Mazzolenum
980 1220 1190 1274 animadv.
1228 1219 1270 1264 in
1307 1233 1416 1266 mus.
1456 1219 1540 1267 Pis.
1582 1224 1699 1267 Part.

158 1304 229 1357 -II,
260 1316 301 1358 p.
334 1303 430 1347 146.
449 1301 487 1359 ²)

314 1384 399 1428 Pro
430 1387 549 1427 certo
581 1387 725 1427 autem
754 1381 907 1427 haberi
929 1393 1070 1436 ‘posse
1085 1382 1296 1436 existi-o,
1321 1395 1380 1427 -ex
1402 1385 1598 1430 omnibus
1628 1398 1699 1429 re-

175 1465 279 1519 bus,
319 1477 426 1520 quas
462 1465 516 1508 de
553 1464 633 1508 hac
666 1463 897 1508 Alexandri
928 1463 1201 1519 expeditione
1230 1463 1469 1518 scriptores
1506 1466 1698 1520 tradunt,

174 1545 526 1592 verisimillimum
556 1543 663 1601 fieri,
694 1546 766 1589 vix
794 1555 873 1600 per
903 1544 1030 1588 unius
1049 1544 1149 1589 anni
1174 1545 1360 1600 spatium
1390 1545 1434 1589 in
1454 1545 1566 1591 bello
1587 1546 1697 1591 Ger-

175 1627 341 1673 manico
372 1632 590 1672 versatum
619 1626 753 1672 fuisse
783 1626 1084 1671 Alexandrum.

317 1804 345 1851 ¹)
369 1802 569 1841 Tillemont.
595 1802 618 1838 l.
642 1802 665 1837 l.
690 1805 762 1840 not.
787 1801 849 1838 XI.
872 1801 910 1837 in
933 1800 1036 1839 Alex.

314 1875 345 1920 ¹)
369 1872 420 1908 Cf.
448 1873 599 1910 Eekhel.
623 1872 646 1908 l.
671 1872 694 1908 l.
718 1882 753 1917 p.
777 1872 857 1907 282.
884 1910 886 1912 ,
