2003 3070
971 102 1006 139 Π

220 241 354 292 euim
388 241 475 309 qui
510 241 573 292 de
606 234 706 293 hoc
740 241 1052 310 imperatore
1071 243 1180 294 fuse
1212 242 1398 311 scripta
1432 242 1754 308 tmdidcrunt,

218 335 537 386 Herodianus
572 343 621 385 et
655 335 1000 402 Lampridius,
1046 336 1370 387 multifariam
1404 337 1533 387 inter
1568 355 1622 387 se
1655 337 1753 388 dis-

219 436 425 494 crepant
459 428 584 478 adeo
597 466 610 492 ,
657 437 713 478 ut
749 429 909 478 omnis
944 447 1109 478 rerum
1154 428 1279 479 fides
1323 429 1377 479 in
1422 429 1753 497 suspicionem

218 521 391 570 venire
435 521 677 575 videatur.
748 522 845 571 Dio
881 503 1071 585 autem,
1120 539 1268 588 quem
1315 520 1627 573 difficultates
1668 539 1751 572 ex-
1818 572 1819 575 ,

219 614 516 665 cutientibus
551 615 888 683 praelaturum
930 632 1035 665 esse
1070 614 1231 666 facem
1265 615 1556 682 speraveris,
1592 632 1754 685 pauca

219 707 487 774 admodum
524 707 585 759 de
619 708 896 759 Alexandri
937 708 1145 776 imperio
1181 708 1344 773 refert,
1380 716 1429 758 et
1462 708 1551 760 ubi
1580 708 1634 759 in
1669 708 1752 758 de-

218 800 491 850 scribendis
527 801 674 851 rebus
722 801 787 850 ad
823 802 1133 872 consulatum
1180 819 1324 851 suum
1366 801 1431 854 H.
1474 818 1607 851 anno
1651 803 1750 850 229

219 901 414 959 gestum
451 888 699 960 pervenit,
746 902 1095 961 argumentum
1131 875 1281 961 plane
1316 893 1509 943 deserit.
1546 924 1615 931 —
1651 893 1752 943 Eu-

219 986 411 1054 tropius
434 1003 553 1036 vero
587 995 635 1037 et
658 986 832 1043 Victor
867 986 994 1037 nihil
1030 987 1132 1037 fere
1167 986 1306 1037 aliud
1340 994 1510 1055 agunt,
1546 985 1641 1036 nisi
1676 1002 1753 1035 res

220 1096 279 1128 ex
317 1080 643 1146 scriptoribus
688 1081 925 1131 historiae
970 1082 1230 1148 Augustae
1273 1081 1475 1131 haustas
1519 1080 1572 1130 in
1620 1097 1753 1130 com-

218 1173 457 1239 pendium
502 1174 760 1241 redigunt,
820 1176 961 1225 nullo
1008 1175 1302 1242 plerumque
1346 1192 1510 1224 rerum
1539 1173 1752 1237 ''iudicio,

219 1266 359 1316 nullo
414 1266 789 1334 investigandae
833 1268 1055 1318 veritatis
1108 1267 1285 1318 studio.
1330 1298 1401 1305 —
1445 1266 1505 1317 In
1552 1262 1752 1316 Zosimo

220 1369 383 1409 autem
420 1361 629 1428 aliisque
663 1362 917 1412 nonnullis
953 1361 1186 1430 Byzantii
1220 1361 1457 1429 temporis
1500 1359 1752 1428 scriptori-

220 1453 312 1504 bus
349 1454 576 1521 quamvis
611 1462 661 1506 et
695 1455 865 1505 iudicii
909 1455 1027 1506 satis
1074 1455 1207 1507 acuti
1242 1460 1304 1506 et'
1324 1454 1442 1505 fidei
1488 1454 1753 1513 auctoritar-

221 1548 383 1615 tisque
424 1566 784 1615 nonnunquam
830 1548 1015 1598 indicia
1063 1549 1326 1598 emimeant
1370 1566 1491 1598 vera
1533 1555 1583 1597 et
1615 1548 1754 1597 lucu-

221 1642 380 1691 lenta:
428 1650 595 1692 tamen
637 1650 901 1710 propterea
948 1643 1082 1709 quod
1127 1649 1242 1709 post
1275 1642 1484 1709 longum
1519 1640 1756 1708 temporis

221 1735 540 1787 intervallum
581 1735 646 1787 ab
683 1735 971 1788 Alexandro
1008 1734 1192 1787 Severo
1239 1735 1514 1803 imperante
1560 1733 1755 1784 exstite-

222 1838 361 1894 runt,
400 1830 561 1898 magis
597 1847 717 1881 vero
753 1838 958 1898 propter
993 1847 1205 1893 errores,
1252 1829 1432 1897 quibus
1469 1829 1606 1896 pleni
1642 1836 1757 1877 sunt

218 1942 395 1974 eorum
429 1924 561 1988 libri,
597 1942 783 1991 magna
817 1941 1010 1990 semper
1046 1940 1157 1972 cum
1190 1922 1453 1989 diligentia
1488 1930 1559 1971 est
1592 1921 1755 1988 inqui-

223 2020 447 2081 rendum,
483 2037 603 2067 num
627 2028 676 2067 et
699 2018 949 2084 quomodo
980 2019 1040 2066 iis
1065 2018 1302 2068 debeatur
1336 2016 1474 2067 fides-
1511 2045 1579 2054 -—
1616 2014 1756 2075 Quae

224 2132 377 2180 quum
412 2112 484 2163 ita
518 2111 642 2176 sint,
689 2129 792 2162 non
836 2118 908 2162 est
947 2109 1254 2174 mirandum,
1302 2107 1438 2177 quod
1472 2106 1756 2159 recentioris

224 2224 423 2275 quoque
464 2205 638 2256 aetatis
685 2222 848 2256 rerum
892 2204 1155 2273 scriptores
1190 2204 1243 2253 in
1279 2202 1604 2253 describenda
1638 2200 1755 2252 Ale-

223 2300 403 2352 xandri
448 2300 554 2350 vita
597 2298 743 2349 valde
787 2299 916 2348 inter
959 2316 1011 2348 se
1058 2298 1364 2365 discrepant,
1411 2297 1531 2347 dum
1575 2296 1758 2364 partim

223 2394 593 2456 Herodianum,
640 2393 767 2443 sicut
803 2391 1070 2442 Gibbonus
1114 2400 1163 2440 et
1196 2390 1527 2454 Niebuhrius,
1575 2390 1758 2456 partim

224 2486 596 2555 Lampridium,
637 2493 693 2536 ut
728 2484 1077 2536 Tillemontius
1112 2484 1299 2553 aliique
1332 2482 1558 2551 plurimi,
1604 2481 1759 2532 secuti

224 2582 348 2631 adeo
385 2582 514 2630 inter
548 2598 601 2630 se
636 2588 884 2647 pugnant,
920 2588 1000 2643 ut,
1037 2597 1166 2646 quae
1201 2579 1327 2628 alter
1372 2577 1569 2640 statuit,
1617 2576 1759 2626 alteri

224 2693 375 2743 quam
410 2673 627 2724 maxime
665 2672 914 2724 contraria
937 2689 1042 2723 esse
1063 2671 1341 2724 videantur.
1380 2702 1442 2709 —
1481 2668 1671 2737 Itaque,
1704 2674 1760 2717 ut

222 2769 323 2819 iam
359 2767 546 2818 dictum
583 2775 668 2831 est,
706 2785 737 2817 a
772 2766 938 2835 priore
973 2782 1083 2815 meo
1121 2764 1340 2815 consilio
1363 2762 1516 2824 totius
1538 2760 1758 2812 Alexan-
