2003 3070
954 92 1013 141 ⁶8

218 232 360 288 prima
379 233 451 278 icis
480 236 532 277 et
555 232 901 283 ultrathenum
938 234 1162 281 etiamtum
1198 231 1614 283 Gallia=.-.dic4ta.8it.'
1659 231 1748 283 Sed
1821 247 1825 250 ⁴

219 326 388 358 omnem
409 313 718 357 dubitationem
740 314 899 358 tollunt
917 315 1155 359 Herodiani
1184 314 1317 361 verba
1336 326 1472 369 supra
1489 315 1576 358 iam
1597 315 1748 369 allata,

219 395 458 439 Germanos
490 394 691 440 Rhenum
725 399 770 440 et
805 395 1305 450 Istrum,<transgressos
1341 395 1634 443 Romanunm
1675 407 1748 440 va-

219 480 337 521 stare
367 475 617 531 imperium,
668 475 1107 526 Alexandruautem.
1131 488 1211 521 seu
1247 477 1363 532 quod
1401 475 1561 537 bellum
1597 487 1748 531 par-uin

219 570 428 614 prospere
457 557 743 613 procedebat,
780 569 860 602 seu
890 559 1008 614 quod
1037 558 1292 614 praesertim
1323 558 1382 607 ob
1404 557 1618 613 infelicem
1635 557 1749 608 *belli

218 639 385 684 Persici
415 642 622 695 eventum.
647 639 818 684 dubiam
850 639 951 686 belli
976 639 1194 687 fortunam
1222 639 1380 690 iterum
1411 640 1610 694 experiri-
1631 640 1748 684 nole-

219 720 308 775 bat,
339 721 479 766 visum
509 725 578 766 est
606 722 772 776 legatos
803 721 855 767 de
885 734 992 777 pace
1021 721 1078 766 ad
1108 721 1346 767 Germanos
1376 721 1750 777 mittere3·-.omnia

218 814 268 847 se
297 803 597 858 praebiturum
625 802 931 858 pollicebatur,
972 816 1082 858 quae
1117 803 1453 858 postularentur,
1484 803 1750 858 maximeque

218 884 435 939 pecunias,
455 897 650 939 quarum
680 884 915 929 avidissimi
947 888 1073 928 erant
1103 884 1321 931 Germani.
1342 885 1374 939 ¹)
1415 885 1576 933 Milites
1591 889 1747 932 *autem

221 965 521 1009 molestissime
552 964 749 1009 ferebant
784 966 1055 1020 imperatoris
1096 966 1311 1020 ignaviam
1341 970 1387 1010 et
1416 966 1751 1021 indignabantur

221 1046 478 1099 admodum,
509 1047 623 1101 quod
655 1047 899 1091 Alexander
929 1059 1072 1091 emere
1102 1059 1249 1101 pacem
1280 1060 1406 1101 quam
1437 1047 1549 1093 bello
1580 1047 1749 1101 pericli-

219 1126 303 1172 tari
335 1126 495 1172 mallet.
554 1128 624 1172 Ita
654 1140 785 1183 quum
816 1128 998 1174 militum
1027 1128 1193 1172 animos
1227 1128 1365 1184 magis
1396 1127 1617 1183 magisque
1647 1140 1675 1171 a
1702 1140 1749 1173 se

219 1208 523 1262 abalienasset,
553 1209 715 1255 factum
745 1212 825 1264 est,
856 1213 905 1253 ut
924 1213 1023 1264 post
1047 1210 1275 1264 imperium
1305 1209 1522 1255 tredecim,
1538 1221 1749 1258 ,annorum

218 1290 432 1335 seditione
471 1290 654 1335 militum
675 1295 789 1334 -orta
828 1303 915 1336 una
959 1304 1054 1336 cum
1101 1295 1240 1335 matre
1278 1291 1583 1337 trucidaretur.
1641 1291 1751 1337 Erat

218 1372 262 1417 in
294 1371 486 1416 exercitu
516 1372 773 1417 Maximinus
804 1371 978 1426 quidam
1011 1371 1169 1425 Thrax,
1201 1383 1328 1427 quem
1358 1373 1444 1421 iam
1471 1375 1600 1417 antea
1629 1371 1672 1415 in
1697 1384 1751 1419 re

220 1453 395 1496 militari
440 1453 717 1499 excellentem
765 1453 1006 1498 Alexander
1056 1454 1222 1499 cunctis
1273 1453 1489 1499 exercitus
1537 1452 1750 1498 tironibus

221 1535 502 1590 praefecerat.
564 1537 683 1588 Quae
713 1547 783 1580 res
813 1536 1073 1590 imperatori
1096 1535 1180 1579 fuit
1209 1534 1351 1580 exitio.
1397 1534 1506 1579 Nam
1537 1546 1673 1590 quum,
1698 1534 1751 1578 ob

220 1616 437 1672 ignaviam
481 1616 756 1671 imperatoris
802 1628 996 1661 murmur
1035 1617 1150 1661 inter
1189 1615 1344 1660 milites
1386 1615 1611 1662 etodium
1651 1616 1750 1660 Ale·

221 1698 375 1743 xandri
406 1702 601 1742 exortum
632 1702 762 1751 esset,
794 1698 965 1751 milites,
984 1710 1178 1753 ,quorum
1210 1698 1376 1744 animos
1406 1701 1499 1742 tum
1527 1699 1753 1753 praeclara

221 1780 417 1835 corporis
443 1780 604 1834 forma,
634 1784 726 1824 tum
756 1780 1024 1835 experientia
1051 1780 1118 1824 *rei
1148 1779 1345 1825 militaris
1375 1779 1583 1835 singulari
1613 1778 1751 1826 Maxi-

222 1862 364 1905 minus
394 1860 477 1904 sibi
505 1861 831 1915 conciliaverat,
870 1861 1081 1906 seditione
1121 1864 1273 1905 contra
1301 1861 1628 1916 imperatorem<
1637 1865 1754 1908 mota

221 1942 277 1984 ad
308 1942 587 1986 Maximinum
617 1942 879 1986 defecerunt.
925 1943 996 1985 Ita
1023 1954 1116 1985 rem
1145 1943 1327 1986 tradidit
1355 1941 1629 1987 Herodianus
1659 1941 1751 1997 (VI,

222 2025 249 2067 8
279 2028 326 2067 et
354 2023 415 2078 9).
477 2023 744 2078 Capitolinus
785 2025 958 2078 quidem
989 2027 1041 2068 -in
1071 2022 1302 2070 Maximino
1333 2022 1388 2077 (c.
1420 2022 1488 2079 8):
1537 2022 1622 2080 „Et
1639 2035 1751 2068 ‹eau-

222 2116 312 2149 sam
344 2104 516 2160 quidem
556 2104 791 2151 Alexandri
823 2104 1095 2150 interimendi
1137 2102 1210 2148 alii
1250 2103 1379 2152 aliam
1419 2103 1554 2150 fuisse
1590 2104 1752 2150 dicunt.

223 2187 406 2239 Quidam
443 2189 556 2231 enim
601 2188 766 2242 dicunt,
818 2187 1053 2231 Mamaeam
1093 2190 1314 2232 auctorem
1351 2186 1506 2239 fuisse,
1553 2191 1619 2233 ut*
1641 2186 1754 2231 filius

222 2268 397 2314 deserto
428 2269 539 2313 bello
561 2268 816 2314 Germanico
842 2268 1063 2314 Orientem
1094 2271 1276 2324 peteret,
1307 2271 1438 2324 atque
1468 2267 1565 2313 ideo
1596 2268 1756 2315 milites

221 2352 263 2394 in
296 2350 550 2395 seditionem
579 2350 873 2406 prorupisse.“
935 2350 1231 2405 Lampridius,
1264 2350 1337 2405 qui
1367 2351 1538 2405 quidem
1570 2351 1757 2405 scriptor

221 2432 322 2476 huic
352 2432 602 2487 imperatori
631 2445 717 2477 non
748 2434 915 2488 patitur
935 2433 1051 2477 illam
1079 2432 1304 2477 inhaerere
1333 2432 1623 2487 ignominiam,
1651 2445 1756 2477 cau-

222 2526 315 2558 sam
346 2517 492 2559 tantae
522 2515 566 2560 in
598 2514 834 2571 principem
865 2526 989 2559 suum
1009 2512 1216 2570 perfidiae
1247 2513 1354 2560 hanc
1387 2513 1591 2559 militibus
1622 2513 1757 2558 fuisse

224 2597 358 2640 tradit
388 2597 443 2653 (c.
475 2597 532 2641 59
562 2597 589 2641 1.
620 2597 691 2651 1.),
721 2597 835 2652 qnod
873 2597 934 2640 illi
972 2597 1268 2652 imprimisque
1305 2596 1551 2641 Gallicanae
1591 2600 1756 2641 mentes

368 2771 396 2817 ¹)
422 2770 522 2807 Idem
546 2769 605 2817 VI,
630 2772 664 2808 7.
