2003 3070
957 98 1012 142 10

217 237 523 295 abrogaretur3
564 236 641 282 sed
670 236 828 282 milites
859 237 1024 282 diutius
1064 237 1182 283 ferre
1200 237 1513 294 imperatorem
1543 237 1744 293 noluisse,

217 320 253 363 si
284 333 371 375 qua
399 320 464 363 vis
494 319 738 364 Alexandro
767 319 1015 363 inferretur.
1444 361 1451 365 ,

355 402 630 445 Herodianus
660 400 797 444 refert
832 400 1096 455 divulgatam
1123 401 1257 445 etiam
1286 400 1444 446 famam
1474 401 1529 445 ab
1557 402 1741 456 impera-

215 485 324 534 tore,
354 484 477 536 quasi
498 481 741 525 Alexander
767 482 1002 540 moriturus
1030 474 1157 534 esset,
1189 484 1239 525 ut
1262 485 1609 537 cognosceretur,
1640 481 1743 537 quid

217 562 271 608 ee
296 562 380 621 'hoc
411 574 585 608 rumore
614 563 773 609 milites
811 564 1066 620 cogitarent.
1124 561 1441 618 indignabundi
1479 562 1636 608 munes
1664 552 1761 608 mi-'

214 645 384 688 litarem
414 647 698 700 neglexerunt
726 646 996 700 disciplinam
1026 650 1071 689 et
1100 649 1403 701 poposcerunt,
1433 650 1483 690 ut
1504 646 1745 691 Alexander

213 725 258 769 in
292 729 441 771 castra
478 725 725 772 duceretur.
785 725 1048 782 Elagabalus
1087 738 1218 783 quum
1257 726 1382 773 valde
1418 730 1651 783 metueret,
1691 732 1753 773 ne

214 806 403 851 oriretur
440 807 620 862 seditio,
660 819 756 853 cum
798 807 1041 852 Alexandro
1077 807 1121 852 iu
1157 811 1299 852 castra
1338 809 1477 861 venit,
1514 808 1588 851 ubi
1623 808 1743 852 illum

213 889 479 942 praetoriani
521 889 809 943 negligentius
851 893 1117 942 tractarunt,
1161 890 1273 933 hunc
1315 889 1439 933 laetis
1482 892 1743 942 exceperunt

214 969 504 1014 clamoribus*
536 969 768 1025 Neglectus
788 973 918 1025 atque
939 970 1078 1014 iratus
1098 969 1334 1025 imperator
1356 982 1486 1027 quum
1516 969 1741 1014 nonnullos

212 1050 335 1106 quasi
365 1056 571 1095 auctores
597 1051 821 1096 seditionis
849 1050 1154 1107 comprehendi
1181 1051 1399 1106 iussisset,
1430 1052 1589 1095 iustam
1619 1063 1742 1095 occa-

170 1148 174 1153 ·
210 1133 373 1177 sionem
404 1133 595 1177 oblatam
623 1145 721 1178 esse
750 1133 908 1178 milites
934 1134 1018 1177 rati
1038 1132 1319 1189 Elagabalum
1350 1132 1529 1189 eiusque
1560 1135 1741 1177 matrem

211 1214 476 1260 interficiunt
506 1219 552 1259 et
582 1215 872 1260 Alexandrum
911 1213 1216 1269 imperatorem
1257 1217 1548 1269 nuncupatum
1589 1213 1632 1256 in
1662 1213 1740 1257 im-

210 1296 472 1350 peratoriam
510 1295 653 1340 aulam
695 1288 922 1342 deducunt.
959 1319 1017 1325 ——
1055 1294 1152 1339 Non
1191 1293 1371 1338 multum
1406 1295 1460 1339 ab
1495 1294 1741 1339 Herodiano

210 1388 263 1419 ea
292 1377 346 1419 de
377 1389 425 1420 re
455 1376 718 1420 dissentiunt
745 1376 829 1421 Dio
858 1381 904 1419 et
932 1376 1229 1431 Lampridius,
1261 1376 1440 1431 quibus,
1471 1376 1586 1431 quod
1617 1376 1742 1419 ambo

208 1458 321 1502 idem
352 1457 444 1502 fere
473 1457 693 1513 referunt,
731 1458 934 1503 maiorem
975 1458 1102 1503 fidem
1138 1457 1378 1501 habendam
1416 1469 1512 1501 esse
1541 1456 1741 1500 arbitror.

209 1537 452 1584 Secundum
483 1539 562 1582 hos
593 1543 793 1584 auctores
824 1551 955 1594 quum
980 1538 1243 1594 Elagabalus
1266 1540 1485 1594 optimum>
1494 1538 1616 1583 illum
1635 1538 1740 1583 ado-

207 1620 438 1664 lescentem
479 1609 684 1664 trucidari
714 1620 932 1675 iussisset,
974 1619 1059 1675 q'uo
1100 1621 1198 1676 quis
1240 1620 1366 1664 modo
1396 1621 1550 1674 vellet,
1585 1619 1742 1664 milites

208 1701 309 1746 irati
340 1701 604 1745 seditionem*
619 1706 852 1756 moverunt
870 1713 949 1746 nec
969 1701 1090 1756 prius
1111 1701 1366 1757 quieverunt
1386 1713 1414 1745 a
1432 1700 1583 1756 turbis,
1616 1713 1741 1756 quam

208 1783 402 1826 homines
431 1782 539 1827 istos
569 1783 774 1838 impuros,
806 1783 880 1838 qui
900 1783 1089 1837 turpiter
1111 1795 1208 1827 cum
1229 1782 1304 1825 illo
1334 1782 1563 1837 degebant,
1594 1794 1740 1825 omnes

207 1865 406 1918 removit,
438 1868 619 1918 excepto
650 1864 873 1919 Hierocle,
905 1850 1033 1919 quem
1068 1864 1142 1908 ille
1172 1864 1462 1908 miserandum
1492 1865 1536 1907 in
1567 1864 1741 1907 modum

206 1945 473 2000 reposcebat.
532 1946 603 1990 Ita
631 1958 761 2002 quum
793 1957 924 2001 aegre
959 1946 1170 1990 evasisset
1199 1945 1438 2001 incolumia,
1467 1957 1568 1989 mox
1597 1947 1740 1989 autem

205 2026 363 2068 iterum
393 2025 555 2081 apertis
585 2025 753 2070 insidiis
784 2026 1072 2069 Alexandrum
1101 2030 1292 2081 peteret,
1331 2026 1435 2081 quin
1465 2026 1596 2070 etiam
1628 2028 1739 2068 teste

207 2098 455 2161 Lampridio
485 2112 682 2151 senatum
712 2107 912 2152 iussisset
941 2107 1050 2152 urbe
1080 2108 1287 2152 decedere
1319 2108 1501 2162 „timens
1532 2120 1585 2150 ne
1616 2120 1739 2151 sena·

207 2191 277 2233 tus
307 2188 361 2233 ad
393 2187 578 2245 aliquem
609 2200 655 2234 se
675 2186 945 2245 inclinaret“,
976 2200 1074 2233 cum
1104 2187 1348 2233 Alexandro
1378 2187 1739 2233 tumultuantibus

205 2270 494 2324 praetorianis
525 2272 571 2314 in
601 2274 746 2314 castra
767 2271 899 2314 venit.
950 2256 1034 2314 Ubi
1055 2274 1197 2315 autem
1220 2250 1402 2314 militum
1430 2271 1594 2313 animos
1625 2282 1737 2313 com·

204 2345 322 2406 pesci
352 2363 436 2395 non
467 2362 597 2406 posse
627 2351 861 2404 intellexit,
893 2351 998 2405 fuga
1028 2350 1209 2395 salutem
1239 2352 1363 2406 petit,
1394 2350 1470 2394 sed
1500 2350 1737 2405 deprehen·

205 2446 279 2476 sus
310 2445 406 2477 cum
438 2436 577 2476 matre
608 2432 830 2477 occiditur.
893 2432 957 2476 Cf.
988 2432 1206 2486 Lamprid.
1236 2434 1280 2476 in
1310 2432 1544 2486 Elagabalo
1576 2431 1632 2486 (c.
1665 2432 1736 2484 13)

205 2513 287 2558 Dio
320 2512 535 2569 (LXXIX,
570 2511 623 2557 19
654 2517 699 2558 et
728 2513 816 2567 20).
