2003 3070
908 96 970 140 55

180 253 264 297 que
284 249 509 284 numerum
526 236 756 292 legionum¹
773 236 829 280 ad
858 234 1055 288 Rhenum
1069 233 1402 290 ,Danubiumque
1420 233 1696 279 hiemantium

178 323 271 367 sine
300 318 429 364 dubio
459 317 584 363 valde
614 317 883 362 diminuerat.

317 400 480 454 Quodsi
523 399 619 455 quis
660 398 812 441 animo,
845 397 1094 453 perpendit,
1139 397 1213 453 qui
1256 400 1349 442 tum
1389 395 1521 441 fuerit
1556 399 1698 441 status

179 482 431 529 Germaniae
444 502 447 504 “
462 482 731 536 populorum,
746 511 749 512 ν
762 492 848 524 non
875 478 1033 523 mirum
1058 478 1100 522 ei
1129 477 1362 532 videbitur,
1402 478 1516 534 quod
1550 477 1696 522 formi-

178 564 434 607 dolosiorem
451 562 670 617 speciem,
700 574 828 616 quam
857 572 1044 616 unquam
1073 564 1220 615 antea,
1250 559 1482 604 Germania
1509 564 1603 603 tum
1629 560 1696 603 in-

177 644 345 687 duerat.
403 643 598 698 Namque
627 645 721 688 tum
740 641 887 696 plures
907 640 1161 685 Germaniae
1189 644 1353 695 genteS,
1382 640 1564 684 sublatis
1582 640 1697 689 inter

178 736 225 768 se
254 724 447 779 pristinis
478 723 716 777 discordiis,
745 722 791 765 iu
820 734 953 767 unam
977 723 1226 766 societatem
1256 721 1431 766 foedere
1459 721 1545 765 icto
1582 721 1694 766 coie-

176 809 288 861 rant,
318 809 368 850 ut
397 818 424 849 a
452 804 656 849 Romanis
684 803 926 848 libertatem
956 802 1246 859 defenderent,
1275 807 1499 859 assumpto
1527 804 1696 847 nomine

178 889 517 931 Alemannorum.
578 886 750 932 Etenim
790 898 1046 942 quamquam
1085 885 1357 931 Herodianus
1394 884 1440 941 (Ι.
1471 884 1519 941 1.)
1550 884 1696 931 hostes

176 972 463 1015 Romanorum
492 970 682 1013 nominat
712 966 946 1013 Germanos
984 979 1120 1023 neque
1156 967 1242 1011 alia
1278 965 1551 1022 Lampridius
1592 966 1638 1023 (l.
1667 965 1695 1011 l.

175 1064 218 1096 c.-
239 1049 317 1105 59)
347 1051 487 1095 utitur
523 1048 848 1104 significatione,
884 1048 1071 1093 dubitari
1106 1052 1250 1092 tamen
1279 1061 1363 1093 non
1391 1052 1556 1103 potest,
1594 1049 1696 1103 quin

176 1142 271 1176 cum
308 1130 557 1175 Alemannis
596 1129 910 1185 confligendum⁴
941 1128 1076 1173 fuerit
1114 1129 1367 1173 Alexandro.
1432 1128 1693 1195 Caracallam

176 1213 263 1257 iam
300 1225 395 1257 cnm
433 1212 677 1264 Alemannis
708 1222 932 1267 pugnasse
974 1209 1114 1263 refert
1149 1211 1315 1256 Aelius>
1338 1209 1591 1266 Spartianus
1630 1210 1695 1264 (in

177 1293 460 1339 caracallae.
491 1293 585 1350 10),
624 1293 698 1348 qui
728 1292 991 1337 Alamannici
1023 1304 1178 1338 nomen
1213 1291 1297 1337 sibi
1325 1291 1589 1343 Caracallum
1617 1291 1695 1336 ad·

176 1374 401 1428 scripsisse
431 1375 555 1429 dicit,
591 1375 705 1428 quod
744 1375 1073 1418 Alamannorum
1103 1377 1275 1428 gentem
1311 1374 1555 1425 devicisset.
1613 1374 1696 1417 Die

176 1468 347 1511 quoque
375 1460 585 1500 memm-at
613 1455 854 1511 (LXXVII,
886 1455 962 1511 13,
983 1487 985 1490 -
1004 1455 1078 1511 14)
1119 1454 1384 1502 Caracallam
1415 1459 1565 1505 contra
1594 1454 1695 1505 Ale,-

175 1548 352 1589 mannos
380 1536 620 1592 profectum
650 1548 746 1582 esse
764 1536 811 1593 ¹).
869 1538 989 1582 Inter
1008 1547 1153 1582 omnes
1169 1536 1203 1592 ²)
1233 1542 1376 1583 autem
1406 1542 1589 1592 constat,
1618 1537 1694 1583 iis·

173 1618 269 1663 dem
300 1618 544 1673 regionibus
574 1618 729 1664 bellum
749 1632 779 1663 a
794 1618 1017 1664 Caracalla
1039 1618 1254 1664 adversus
1273 1618 1508 1665 Germanos
1526 1622 1695 1676 gestum

175 1711 283 1754 esse,
313 1699 468 1755 quibus
499 1699 742 1745 Alexandro
773 1700 952 1756 eiusque
986 1700 1223 1745 successori
1252 1705 1347 1746 erat
1374 1701 1695 1747 decertandum.

174 1782 324 1836 Neque
355 1793 456 1825 vero
486 1783 640 1828 mirum
669 1782 807 1827 videri
843 1781 972 1836 licet„
1004 1781 1132 1839 quod.
1157 1783 1430 1827 Herodianus
1465 1794 1553 1828 non
1589 1795 1695 1829 usus

174 1865 242 1907 est
270 1861 416 1917 potius
440 1862 646 1907 vocabulo
679 1863 1032 1919 Alemannorum3
1054 1900 1056 1902 a
1078 1864 1308 1909 obscurum
1330 1864 1455 1910 enim
1484 1868 1583 1909 erat
1603 1865 1696 1911 Ee-

175 1944 339 1988 rodiani
376 1949 568 1999 tempore
607 1944 689 1990 hoc
725 1957 878 1991 nomen
914 1950 959 1991 et
982 1945 1167 2001 penitus
1201 1945 1292 1991 fere
1325 1946 1541 2003 ignotum,
1581 1947 1697 2004 quod

174 2025 358 2071 dilucide
397 2024 539 2081 colligi
577 2029 827 2082 potesta»
847 2026 965 2073 hisce
1007 2026 1182 2083 Vopisci
1220 2027 1382 2072 verbis:
1429 2027 1553 2085 „Non
1589 2028 1695 2073 nihil

173 2111 316 2150 tamen
345 2106 482 2151 Gallis
502 2108 684 2162 profuit,
715 2119 783 2153 sc„
802 2108 1031 2161 Proculus3
1061 2121 1160 2153 nam
1191 2110 1461 2165 AlemannoS,
1490 2110 1576 2166 qui-
1594 2113 1697 2154 tunc

174 2187 313 2232 adhuc
344 2186 546 2232 Germani
576 2188 850 2243 dicebantur,
880 2223 892 2233 .
921 2223 935 2233 .
962 2221 974 2232 .
1004 2188 1242 2235 contrivit.“
1278 2189 1341 2245 (in
1362 2190 1559 2235 *Proculo
1589 2189 1694 2247 tyr.)

148 2270 381 2314 *Proculus
410 2273 554 2314 autem
587 2270 826 2315 Alexandro
855 2271 941 2321 iam
969 2275 1138 2336 mortuo
1167 2283 1348 2328 regnum
1377 2270 1605 2318 affectavit.

312 2351 466 2407 Itaque
494 2364 579 2396 non
609 2351 784 2397 dubium
804 2352 940 2399 videri
968 2357 1124 2409 potest,
1154 2354 1257 2410 quin
1279 2352 1522 2399 Alexandro
1551 2353 1696 2401 decer-

174 2433 352 2478 tandum
391 2433 525 2478 fuerit
564 2447 659 2480 cum
705 2435 974 2483 Alemannis„
1022 2435 1144 2480 Idem·
1185 2437 1310 2492 plane
1356 2449 1521 2481 mecum
1566 2437 1697 2481 sentit

316 2630 342 2677 ¹)
368 2629 420 2667 Cf.
443 2630 612 2677 Rospatt:
649 2630 719 2668 Die
751 2631 1178 2679 Vertheidigungskriege
1210 2632 1274 2669 der
1304 2632 1459 2669 Roemer
1488 2643 1546 2669 am
1568 2634 1694 2671 Rhein.

173 2700 288 2736 Koeln
312 2701 413 2747 1847,
436 2713 472 2747 p.
496 2704 529 2738 4.

313 2771 345 2817 ²)
370 2769 422 2808 Cf.
448 2770 698 2808 Wietersheim
720 2771 744 2809 1.
767 2772 790 2809 l.
814 2783 850 2818 p.
876 2773 957 2809 235.
