2003 3070
948 69 1001 115 13

215 213 260 268 (l.
298 213 324 257 l.
366 226 400 257 c.
443 212 519 269 10)
558 213 737 267 eiusque
776 224 1003 256 numorum
1045 211 1352 266 expositionem
1397 212 1522 267 plane
1560 210 1735 266 refutat,

213 293 327 349 quod
356 306 574 348 nunquam
603 293 730 337 aliter
758 292 1043 336 Romanorum
1082 294 1390 347 imperatorum
1419 294 1519 336 anni
1549 306 1677 348 quam
1708 306 1734 336 a

213 374 347 420 natali
376 374 545 429 imperii
575 372 644 418 die
673 373 885 417 numerati
915 374 1012 418 sint.

352 456 489 500 Aliam
519 455 818 511 diversamque
847 455 944 499 iniit
972 455 1184 498 rationem
1213 455 1268 498 ad
1297 467 1448 499 numos
1469 468 1563 500 cum
1585 455 1736 500 Dionis

186 538 427 581 *sententia
457 536 742 582 conciliandos
772 536 805 580 Ι.
841 536 1066 591 Vignolius
1083 571 1094 592 ‚
1126 539 1271 581 custos
1302 535 1584 581 bibliothecae
1614 537 1735 582 Vati-

214 632 359 673 canae,
391 620 434 662 in
464 619 633 664 dissert.
664 618 716 663 de
746 630 857 662 anno
878 619 913 662 Ι.
933 618 1100 673 imperii
1131 618 1279 663 Severi
1300 618 1529 662 Alexandri
1550 618 1735 673 Augusti

215 700 340 753 (Rom
374 701 498 745 1712.
535 700 601 744 14.
638 701 666 743 2
704 699 854 754 Part).
905 700 964 743 Ae
1005 699 1189 754 primum
1226 698 1442 743 Valsechii
1481 701 1736 744 sententiam

215 783 361 826 multis
398 782 662 837 argumentis
703 781 893 824 refutare
930 780 1090 824 studet.
1150 781 1272 833 Quod
1309 780 1567 835 Elagabalus
1604 783 1736 825 Anto-

137 923 140 927 ·
216 865 304 907 nini
351 862 482 907 filium
521 867 564 908 et
603 862 753 907 Severi
788 867 986 918 nepotem
1026 862 1171 917 itaque
1216 861 1450 917 legitimum
1492 862 1738 909 caracallae

216 957 504 989 successorem
527 956 574 988 se
604 944 777 1000 dixerit,
808 957 893 988 non
924 956 1018 989 esse
1039 956 1212 988 causam
1232 943 1474 998 profitetur,
1504 957 1593 999 cur,
1625 946 1739 1000 quod

217 1027 384 1082 imperii
414 1027 598 1082 spatium
631 1026 848 1070 Macrinus
878 1025 1154 1081 transegerit,
1185 1025 1230 1069 id
1260 1025 1341 1068 sibi
1371 1025 1560 1070 tribuere
1591 1027 1739 1083 possit,

217 1110 473 1163 praesertim
502 1121 631 1163 quum
662 1108 900 1161 imperante
925 1106 1116 1150 Macrino
1147 1119 1285 1161 neque
1306 1106 1465 1150 Caesar
1495 1107 1634 1152 dictus
1665 1121 1739 1153 ne-

216 1202 314 1245 que,
345 1189 458 1244 quod
491 1190 588 1244 quis
618 1189 830 1247 coniicere
859 1188 1011 1241 liceat,
1051 1201 1131 1243 pro
1173 1188 1420 1232 Caracallae
1450 1187 1537 1232 filio
1568 1189 1741 1234 habitus

218 1272 288 1315 sit.
350 1269 434 1315 Sed
475 1271 542 1314 vir
582 1269 854 1314 doctissimus
894 1269 1137 1314 meminisse
1183 1280 1268 1312 non
1307 1270 1479 1314 videtur
1519 1270 1741 1315 vecordiae

216 1353 494 1407 insaniaeque
524 1351 639 1395 illius
669 1351 963 1406 imperatoris,
999 1351 1122 1395 cuius
1160 1350 1204 1393 in
1241 1351 1369 1395 rebus
1409 1352 1543 1405 gestis
1583 1352 1767 1396 iustam*

216 1428 466 1488 plerumque
497 1444 668 1477 causam
698 1431 930 1476 desideres,

355 1515 446 1558 Iam
486 1527 588 1558 vero
627 1513 849 1568 Vignolius
890 1495 1083 1568 quamvis
1121 1516 1243 1564 tanto
1284 1514 1327 1557 in
1369 1514 1606 1560 Macrinum
1643 1517 1740 1562 odio

218 1596 498 1652 Elagabalum
541 1594 747 1651 flagrasse
777 1594 1054 1650 profiteatur,
1092 1598 1142 1638 ut
1171 1594 1242 1639 ille
1272 1607 1428 1640 annum
1445 1630 1456 1650 ‚
1494 1609 1577 1652 quo
1607 1597 1741 1656 impe-

220 1679 326 1722 rium
358 1678 538 1732 adeptus
569 1681 649 1731 est,
682 1678 903 1720 consulatu
924 1675 1106 1720 Macrini
1125 1677 1285 1731 signari
1307 1678 1451 1731 nollet,
1483 1681 1586 1733 quin
1611 1681 1740 1725 etiam

219 1772 372 1804 nomen
410 1759 501 1803 eius
543 1761 808 1813 expungeret
847 1770 870 1801 e
910 1756 1057 1811 fastis,
1105 1762 1245 1803 tamen
1288 1758 1382 1802 fieri
1423 1761 1616 1814 potuisse
1657 1773 1741 1806 non

219 1844 364 1895 putat,
404 1844 453 1884 ut
493 1850 680 1883 annuum
719 1837 900 1882 Macrini
936 1838 1183 1892 imperium,
1224 1851 1433 1883 consensu
1478 1841 1659 1885 militum
1697 1845 1742 1886 et

220 1926 393 1967 senatus
424 1921 682 1965 auctoritate
712 1925 902 1973 gestum,
941 1919 1022 1963 sibi
1057 1919 1317 1975 Elagabalus
1350 1921 1594 1967 vindicaret.
1656 1924 1740 1969 Sed

219 2002 324 2047 haec
362 2014 534 2058 quoque
569 2003 661 2047 eius
702 2001 916 2048 sententia
954 2014 1106 2056 parum
1143 2000 1247 2046 mihi
1287 2001 1457 2047 videtur
1493 2003 1740 2058 probabilis.

219 2086 285 2129 An
314 2096 416 2128 vero
448 2088 622 2129 senatus
653 2088 697 2128 et
726 2085 909 2141 populus
941 2087 985 2126 et
1015 2082 1171 2127 milites
1212 2082 1410 2127 effrenem
1448 2085 1564 2129 illius
1594 2087 1741 2131 luxum

220 2167 522 2222 libidinemque
552 2180 603 2211 ac
633 2167 878 2212 foedissima
906 2166 1042 2221 ipsius
1064 2167 1364 2221 sociorumque
1388 2166 1533 2210 vilium
1564 2168 1741 2224 scelera,

222 2261 332 2305 quae
362 2260 527 2293 omnem
559 2246 683 2293 fidem
714 2250 932 2303 superant,
963 2260 1042 2303 per
1071 2247 1302 2292 triennium
1331 2248 1525 2292 tulerunt
1555 2261 1633 2293 nec
1664 2248 1740 2294 ob-

221 2335 338 2375 stare
368 2330 461 2374 ausi
492 2333 611 2374 sunt:
643 2342 733 2373 rem
763 2331 966 2373 momenti
996 2329 1136 2384 exigui
1157 2335 1201 2373 et
1229 2329 1387 2373 nullius
1418 2330 1666 2376 detrimenti
1684 2355 1742 2362 —-

221 2425 358 2468 neque
389 2411 498 2457 enim
530 2411 759 2467 quidquam
790 2410 910 2456 aliud
937 2415 1042 2467 erat,
1074 2412 1111 2456 si
1141 2409 1399 2468 Elagabalus
1429 2424 1617 2457 annuum
1647 2414 1740 2459 Ma-

222 2495 339 2537 crini?
359 2493 585 2549 imperium
616 2493 697 2536 sibi
729 2491 957 2536 vindicavit
975 2516 1034 2522 —
1053 2505 1138 2535 non
1158 2493 1458 2547 pertulerunt?
1487 2494 1743 2548 praesertim

222 2588 351 2630 quum
382 2587 536 2618 novum
557 2574 800 2630 quemlibet·
816 2575 1116 2629 imperatorem
1146 2578 1322 2618 senatus
1352 2574 1546 2619 omnibus
1576 2575 1743 2621 afficere

223 2657 516 2701 consuevisset
559 2655 824 2701 honoribus?
873 2656 1023 2712 Itaque
1068 2655 1238 2699 minime
1267 2655 1369 2699 mihi
1399 2656 1610 2712 probatur
1638 2659 1742 2713 vig-

223 2737 327 2782 nolii
366 2738 600 2792 sententia,
637 2737 754 2782 haud
788 2737 968 2783 feliciter
1006 2737 1278 2783 Valsechium
1318 2751 1370 2784 ea
1408 2739 1452 2782 in
1490 2752 1540 2784 re
1569 2752 1744 2795 operam
